<ENVELOPE>
 <VOUCHER>
  <GUID>52889497-5b6b-403d-8f83-224e3c7759b4-00001232</GUID>
  <REMOTEALTGUID>52889497-5b6b-403d-8f83-224e3c7759b4</REMOTEALTGUID>
  <MASTERID>4658</MASTERID>
  <ALTERID>7104</ALTERID>
  <ENTEREDBY>A</ENTEREDBY>
  <DATE>2010-03-31</DATE>
  <EFFECTIVEDATE>2010-03-31</EFFECTIVEDATE>
  <VOUCHERTYPENAME>Credit Note</VOUCHERTYPENAME>
  <PERSISTEDVIEW>AccountingVoucherView</PERSISTEDVIEW>
  <VCHGSTCLASS>Not Applicable</VCHGSTCLASS>
  <ISCOSTCENTRE>false</ISCOSTCENTRE>
  <ISINVOICE>false</ISINVOICE>
  <VOUCHERNUMBER>1</VOUCHERNUMBER>
  <ISOPTIONAL>false</ISOPTIONAL>
  <VOUCHERNUMBERSERIES>Default</VOUCHERNUMBERSERIES>
  <GSTREGISTRATION>Not Applicable</GSTREGISTRATION>
  <ISCANCELLED>false</ISCANCELLED>
  <OVRDNEWAYBILLAPPLICABILITY>false</OVRDNEWAYBILLAPPLICABILITY>
  <ALLLEDGERENTRIES.LIST>
   <INDEXNUMBER>1</INDEXNUMBER>
   <LEDGERNAME>ABC India Pvt. Ltd.</LEDGERNAME>
   <VCHLEDGERTYPE>Others</VCHLEDGERTYPE>
   <ISDEEMEDPOSITIVE>false</ISDEEMEDPOSITIVE>
   <ISPARTYLEDGER>true</ISPARTYLEDGER>
   <AMOUNT>
    <AMOUNT>5000</AMOUNT>
    <CURRENCY>₹</CURRENCY>
    <FOREXSYMBOL>- * -</FOREXSYMBOL>
    <ISDEBIT>false</ISDEBIT>
   </AMOUNT>
   <BILLALLOCATIONS.LIST>
    <BILLTYPE>OnAccount</BILLTYPE>
    <AMOUNT>
     <AMOUNT>5000</AMOUNT>
     <CURRENCY>₹</CURRENCY>
     <FOREXSYMBOL>- * -</FOREXSYMBOL>
     <ISDEBIT>false</ISDEBIT>
    </AMOUNT>
   </BILLALLOCATIONS.LIST>
  </ALLLEDGERENTRIES.LIST>
  <ALLLEDGERENTRIES.LIST>
   <INDEXNUMBER>2</INDEXNUMBER>
   <LEDGERNAME>Sales @ 4%</LEDGERNAME>
   <VCHLEDGERTYPE>Others</VCHLEDGERTYPE>
   <ISDEEMEDPOSITIVE>true</ISDEEMEDPOSITIVE>
   <ISPARTYLEDGER>false</ISPARTYLEDGER>
   <AMOUNT>
    <AMOUNT>5000</AMOUNT>
    <CURRENCY>₹</CURRENCY>
    <FOREXSYMBOL>- * -</FOREXSYMBOL>
    <ISDEBIT>true</ISDEBIT>
   </AMOUNT>
  </ALLLEDGERENTRIES.LIST>
 </VOUCHER>
 <VOUCHER>
  <GUID>52889497-5b6b-403d-8f83-224e3c7759b4-00000047</GUID>
  <REMOTEALTGUID>52889497-5b6b-403d-8f83-224e3c7759b4</REMOTEALTGUID>
  <MASTERID>71</MASTERID>
  <ALTERID>7331</ALTERID>
  <ENTEREDBY>A</ENTEREDBY>
  <DATE>2016-04-30</DATE>
  <EFFECTIVEDATE>2016-04-30</EFFECTIVEDATE>
  <REFERENCE>DN/123</REFERENCE>
  <VOUCHERTYPENAME>Credit Note</VOUCHERTYPENAME>
  <PERSISTEDVIEW>AccountingVoucherView</PERSISTEDVIEW>
  <VCHGSTCLASS>Not Applicable</VCHGSTCLASS>
  <ISCOSTCENTRE>false</ISCOSTCENTRE>
  <ISINVOICE>false</ISINVOICE>
  <VOUCHERNUMBER>1</VOUCHERNUMBER>
  <ISOPTIONAL>false</ISOPTIONAL>
  <NARRATION>Faulty CDROM 10s returned under their debit note no.123</NARRATION>
  <BASICDUEDATEOFPYMT>7 Days</BASICDUEDATEOFPYMT>
  <PARTYNAME>Global Traders</PARTYNAME>
  <VOUCHERNUMBERSERIES>Default</VOUCHERNUMBERSERIES>
  <GSTREGISTRATION>Not Applicable</GSTREGISTRATION>
  <BASICBUYERNAME>Global Traders</BASICBUYERNAME>
  <ISCANCELLED>false</ISCANCELLED>
  <OVRDNEWAYBILLAPPLICABILITY>false</OVRDNEWAYBILLAPPLICABILITY>
  <ALLLEDGERENTRIES.LIST>
   <INDEXNUMBER>1</INDEXNUMBER>
   <LEDGERNAME>Global Traders</LEDGERNAME>
   <VCHLEDGERTYPE>Others</VCHLEDGERTYPE>
   <ISDEEMEDPOSITIVE>false</ISDEEMEDPOSITIVE>
   <ISPARTYLEDGER>true</ISPARTYLEDGER>
   <AMOUNT>
    <AMOUNT>624</AMOUNT>
    <CURRENCY>₹</CURRENCY>
    <FOREXSYMBOL>- * -</FOREXSYMBOL>
    <ISDEBIT>false</ISDEBIT>
   </AMOUNT>
   <BILLALLOCATIONS.LIST>
    <BILLTYPE>AgstRef</BILLTYPE>
    <NAME>071</NAME>
    <BILLCREDITPERIOD>
     <DUEONDATE>2010-02-05</DUEONDATE>
     <INDAYS>7</INDAYS>
     <INTEXT>7 Days</INTEXT>
    </BILLCREDITPERIOD>
    <AMOUNT>
     <AMOUNT>624</AMOUNT>
     <CURRENCY>₹</CURRENCY>
     <FOREXSYMBOL>- * -</FOREXSYMBOL>
     <ISDEBIT>false</ISDEBIT>
    </AMOUNT>
   </BILLALLOCATIONS.LIST>
  </ALLLEDGERENTRIES.LIST>
  <ALLLEDGERENTRIES.LIST>
   <INDEXNUMBER>2</INDEXNUMBER>
   <LEDGERNAME>Sales @ 4%</LEDGERNAME>
   <VCHLEDGERTYPE>Others</VCHLEDGERTYPE>
   <ISDEEMEDPOSITIVE>true</ISDEEMEDPOSITIVE>
   <ISPARTYLEDGER>false</ISPARTYLEDGER>
   <AMOUNT>
    <AMOUNT>600</AMOUNT>
    <CURRENCY>₹</CURRENCY>
    <FOREXSYMBOL>- * -</FOREXSYMBOL>
    <ISDEBIT>true</ISDEBIT>
   </AMOUNT>
  </ALLLEDGERENTRIES.LIST>
  <ALLLEDGERENTRIES.LIST>
   <INDEXNUMBER>3</INDEXNUMBER>
   <LEDGERNAME>Output VAT @ 4%</LEDGERNAME>
   <LEDGERTAXTYPE>On VAT Rate</LEDGERTAXTYPE>
   <VCHLEDGERTYPE>VAT</VCHLEDGERTYPE>
   <ISDEEMEDPOSITIVE>true</ISDEEMEDPOSITIVE>
   <ISPARTYLEDGER>false</ISPARTYLEDGER>
   <AMOUNT>
    <AMOUNT>24</AMOUNT>
    <CURRENCY>₹</CURRENCY>
    <FOREXSYMBOL>- * -</FOREXSYMBOL>
    <ISDEBIT>true</ISDEBIT>
   </AMOUNT>
  </ALLLEDGERENTRIES.LIST>
 </VOUCHER>
 <VOUCHER>
  <GUID>52889497-5b6b-403d-8f83-224e3c7759b4-00000066</GUID>
  <REMOTEALTGUID>52889497-5b6b-403d-8f83-224e3c7759b4</REMOTEALTGUID>
  <MASTERID>102</MASTERID>
  <ALTERID>7369</ALTERID>
  <ENTEREDBY>A</ENTEREDBY>
  <DATE>2016-05-03</DATE>
  <EFFECTIVEDATE>2016-05-03</EFFECTIVEDATE>
  <REFERENCE>CN/15</REFERENCE>
  <VOUCHERTYPENAME>Credit Note</VOUCHERTYPENAME>
  <PERSISTEDVIEW>InvoiceVoucherView</PERSISTEDVIEW>
  <VCHGSTCLASS>Not Applicable</VCHGSTCLASS>
  <ISCOSTCENTRE>false</ISCOSTCENTRE>
  <ISINVOICE>true</ISINVOICE>
  <VOUCHERNUMBER>2</VOUCHERNUMBER>
  <ISOPTIONAL>false</ISOPTIONAL>
  <NARRATION>Fault IBM PIV returned under their Debit Note No. DN/12</NARRATION>
  <BASICDUEDATEOFPYMT>30 Days</BASICDUEDATEOFPYMT>
  <PARTYNAME>Computer Junction</PARTYNAME>
  <VOUCHERNUMBERSERIES>Default</VOUCHERNUMBERSERIES>
  <GSTREGISTRATION>Not Applicable</GSTREGISTRATION>
  <BASICBUYERNAME>Computer Junction</BASICBUYERNAME>
  <ISCANCELLED>false</ISCANCELLED>
  <OVRDNEWAYBILLAPPLICABILITY>false</OVRDNEWAYBILLAPPLICABILITY>
  <LEDGERENTRIES.LIST>
   <INDEXNUMBER>1</INDEXNUMBER>
   <LEDGERNAME>Computer Junction</LEDGERNAME>
   <VCHLEDGERTYPE>Others</VCHLEDGERTYPE>
   <ISDEEMEDPOSITIVE>false</ISDEEMEDPOSITIVE>
   <ISPARTYLEDGER>true</ISPARTYLEDGER>
   <AMOUNT>
    <AMOUNT>24960</AMOUNT>
    <CURRENCY>₹</CURRENCY>
    <FOREXSYMBOL>- * -</FOREXSYMBOL>
    <ISDEBIT>false</ISDEBIT>
   </AMOUNT>
   <BILLALLOCATIONS.LIST>
    <BILLTYPE>NewRef</BILLTYPE>
    <NAME>CN/15</NAME>
    <BILLCREDITPERIOD>
     <DUEONDATE>2016-06-02</DUEONDATE>
     <INDAYS>30</INDAYS>
     <INTEXT>30 Days</INTEXT>
    </BILLCREDITPERIOD>
    <AMOUNT>
     <AMOUNT>24960</AMOUNT>
     <CURRENCY>₹</CURRENCY>
     <FOREXSYMBOL>- * -</FOREXSYMBOL>
     <ISDEBIT>false</ISDEBIT>
    </AMOUNT>
   </BILLALLOCATIONS.LIST>
  </LEDGERENTRIES.LIST>
  <LEDGERENTRIES.LIST>
   <INDEXNUMBER>2</INDEXNUMBER>
   <LEDGERNAME>CST Tax @ 4%</LEDGERNAME>
   <LEDGERTAXTYPE>Sales Tax</LEDGERTAXTYPE>
   <VCHLEDGERTYPE>Others</VCHLEDGERTYPE>
   <ISDEEMEDPOSITIVE>true</ISDEEMEDPOSITIVE>
   <ISPARTYLEDGER>false</ISPARTYLEDGER>
   <AMOUNT>
    <AMOUNT>960</AMOUNT>
    <CURRENCY>₹</CURRENCY>
    <FOREXSYMBOL>- * -</FOREXSYMBOL>
    <ISDEBIT>true</ISDEBIT>
   </AMOUNT>
  </LEDGERENTRIES.LIST>
  <ALLINVENTORYENTRIES.LIST>
   <INDEXNUMBER>1</INDEXNUMBER>
   <STOCKITEMNAME>IBM PIV</STOCKITEMNAME>
   <ISSCRAP>false</ISSCRAP>
   <DISCOUNT>0</DISCOUNT>
   <ISDEEMEDPOSITIVE>true</ISDEEMEDPOSITIVE>
   <BASICUSERDESCRIPTION.LIST>
    <BASICUSERDESCRIPTION></BASICUSERDESCRIPTION>
   </BASICUSERDESCRIPTION.LIST>
   <RATE>
    <BASERATE>24000.00</BASERATE>
    <FOREXRATE>24000</FOREXRATE>
    <UNIT>Nos</UNIT>
   </RATE>
   <ACTUALQTY>
    <UNIT>Nos</UNIT>
    <QUANTITY>1</QUANTITY>
   </ACTUALQTY>
   <BILLEDQTY>
    <UNIT>Nos</UNIT>
    <QUANTITY>1</QUANTITY>
   </BILLEDQTY>
   <AMOUNT>
    <AMOUNT>24000</AMOUNT>
    <CURRENCY>₹</CURRENCY>
    <FOREXSYMBOL>- * -</FOREXSYMBOL>
    <ISDEBIT>true</ISDEBIT>
   </AMOUNT>
   <BATCHALLOCATIONS.LIST>
    <TRACKINGNUMBER>Not Applicable</TRACKINGNUMBER>
    <ORDERNO>Not Applicable</ORDERNO>
    <GODOWNNAME>Defective Goods Stores</GODOWNNAME>
    <BATCHNAME>Primary Batch</BATCHNAME>
    <AMOUNT>
     <AMOUNT>24000</AMOUNT>
     <CURRENCY>₹</CURRENCY>
     <FOREXSYMBOL>- * -</FOREXSYMBOL>
     <ISDEBIT>true</ISDEBIT>
    </AMOUNT>
    <ACTUALQTY>
     <UNIT>Nos</UNIT>
     <QUANTITY>1</QUANTITY>
    </ACTUALQTY>
    <BILLEDQTY>
     <UNIT>Nos</UNIT>
     <QUANTITY>1</QUANTITY>
    </BILLEDQTY>
   </BATCHALLOCATIONS.LIST>
   <ACCOUNTINGALLOCATIONS.LIST>
    <INDEXNUMBER>1</INDEXNUMBER>
    <LEDGERNAME>Interstate Sales @ 4%</LEDGERNAME>
    <LEDGERTAXTYPE>Sales Tax</LEDGERTAXTYPE>
    <VCHLEDGERTYPE>Others</VCHLEDGERTYPE>
    <ISDEEMEDPOSITIVE>true</ISDEEMEDPOSITIVE>
    <AMOUNT>
     <AMOUNT>24000</AMOUNT>
     <CURRENCY>₹</CURRENCY>
     <FOREXSYMBOL>- * -</FOREXSYMBOL>
     <ISDEBIT>true</ISDEBIT>
    </AMOUNT>
   </ACCOUNTINGALLOCATIONS.LIST>
  </ALLINVENTORYENTRIES.LIST>
 </VOUCHER>
 <VOUCHER>
  <GUID>52889497-5b6b-403d-8f83-224e3c7759b4-00000159</GUID>
  <REMOTEALTGUID>52889497-5b6b-403d-8f83-224e3c7759b4</REMOTEALTGUID>
  <MASTERID>345</MASTERID>
  <ALTERID>7680</ALTERID>
  <ENTEREDBY>A</ENTEREDBY>
  <DATE>2016-08-01</DATE>
  <EFFECTIVEDATE>2016-08-01</EFFECTIVEDATE>
  <REFERENCE>24</REFERENCE>
  <VOUCHERTYPENAME>Credit Note</VOUCHERTYPENAME>
  <PERSISTEDVIEW>InvoiceVoucherView</PERSISTEDVIEW>
  <VCHGSTCLASS>Not Applicable</VCHGSTCLASS>
  <ISCOSTCENTRE>false</ISCOSTCENTRE>
  <ISINVOICE>true</ISINVOICE>
  <VOUCHERNUMBER>3</VOUCHERNUMBER>
  <ISOPTIONAL>false</ISOPTIONAL>
  <NARRATION>Being the competitors offered at low price the Computer Junction issued a credit note and rate was reduced by Rs.500</NARRATION>
  <BASICDUEDATEOFPYMT>30 Days</BASICDUEDATEOFPYMT>
  <PARTYNAME>Computer Junction</PARTYNAME>
  <VOUCHERNUMBERSERIES>Default</VOUCHERNUMBERSERIES>
  <GSTREGISTRATION>Not Applicable</GSTREGISTRATION>
  <BASICBUYERNAME>Computer Junction</BASICBUYERNAME>
  <ISCANCELLED>false</ISCANCELLED>
  <OVRDNEWAYBILLAPPLICABILITY>false</OVRDNEWAYBILLAPPLICABILITY>
  <LEDGERENTRIES.LIST>
   <INDEXNUMBER>1</INDEXNUMBER>
   <LEDGERNAME>Computer Junction</LEDGERNAME>
   <VCHLEDGERTYPE>Others</VCHLEDGERTYPE>
   <ISDEEMEDPOSITIVE>false</ISDEEMEDPOSITIVE>
   <ISPARTYLEDGER>true</ISPARTYLEDGER>
   <AMOUNT>
    <AMOUNT>520</AMOUNT>
    <CURRENCY>₹</CURRENCY>
    <FOREXSYMBOL>- * -</FOREXSYMBOL>
    <ISDEBIT>false</ISDEBIT>
   </AMOUNT>
   <BILLALLOCATIONS.LIST>
    <BILLTYPE>AgstRef</BILLTYPE>
    <NAME>12345</NAME>
    <BILLCREDITPERIOD>
     <DUEONDATE>2016-05-02</DUEONDATE>
     <INDAYS>30</INDAYS>
     <INTEXT>30 Days</INTEXT>
    </BILLCREDITPERIOD>
    <AMOUNT>
     <AMOUNT>520</AMOUNT>
     <CURRENCY>₹</CURRENCY>
     <FOREXSYMBOL>- * -</FOREXSYMBOL>
     <ISDEBIT>false</ISDEBIT>
    </AMOUNT>
   </BILLALLOCATIONS.LIST>
  </LEDGERENTRIES.LIST>
  <LEDGERENTRIES.LIST>
   <INDEXNUMBER>2</INDEXNUMBER>
   <LEDGERNAME>CST Tax @ 4%</LEDGERNAME>
   <LEDGERTAXTYPE>Sales Tax</LEDGERTAXTYPE>
   <VCHLEDGERTYPE>Others</VCHLEDGERTYPE>
   <ISDEEMEDPOSITIVE>true</ISDEEMEDPOSITIVE>
   <ISPARTYLEDGER>false</ISPARTYLEDGER>
   <AMOUNT>
    <AMOUNT>20</AMOUNT>
    <CURRENCY>₹</CURRENCY>
    <FOREXSYMBOL>- * -</FOREXSYMBOL>
    <ISDEBIT>true</ISDEBIT>
   </AMOUNT>
  </LEDGERENTRIES.LIST>
  <ALLINVENTORYENTRIES.LIST>
   <INDEXNUMBER>1</INDEXNUMBER>
   <STOCKITEMNAME>IBM PIV</STOCKITEMNAME>
   <ISSCRAP>false</ISSCRAP>
   <DISCOUNT>0</DISCOUNT>
   <ISDEEMEDPOSITIVE>true</ISDEEMEDPOSITIVE>
   <BASICUSERDESCRIPTION.LIST>
    <BASICUSERDESCRIPTION></BASICUSERDESCRIPTION>
   </BASICUSERDESCRIPTION.LIST>
   <AMOUNT>
    <AMOUNT>500</AMOUNT>
    <CURRENCY>₹</CURRENCY>
    <FOREXSYMBOL>- * -</FOREXSYMBOL>
    <ISDEBIT>true</ISDEBIT>
   </AMOUNT>
   <BATCHALLOCATIONS.LIST>
    <TRACKINGNUMBER>Not Applicable</TRACKINGNUMBER>
    <ORDERNO>Not Applicable</ORDERNO>
    <GODOWNNAME>Stores</GODOWNNAME>
    <BATCHNAME>Primary Batch</BATCHNAME>
    <AMOUNT>
     <AMOUNT>500</AMOUNT>
     <CURRENCY>₹</CURRENCY>
     <FOREXSYMBOL>- * -</FOREXSYMBOL>
     <ISDEBIT>true</ISDEBIT>
    </AMOUNT>
   </BATCHALLOCATIONS.LIST>
   <ACCOUNTINGALLOCATIONS.LIST>
    <INDEXNUMBER>1</INDEXNUMBER>
    <LEDGERNAME>Interstate Sales @ 4%</LEDGERNAME>
    <LEDGERTAXTYPE>Sales Tax</LEDGERTAXTYPE>
    <VCHLEDGERTYPE>Others</VCHLEDGERTYPE>
    <ISDEEMEDPOSITIVE>true</ISDEEMEDPOSITIVE>
    <AMOUNT>
     <AMOUNT>500</AMOUNT>
     <CURRENCY>₹</CURRENCY>
     <FOREXSYMBOL>- * -</FOREXSYMBOL>
     <ISDEBIT>true</ISDEBIT>
    </AMOUNT>
   </ACCOUNTINGALLOCATIONS.LIST>
  </ALLINVENTORYENTRIES.LIST>
 </VOUCHER>
</ENVELOPE>
