<ENVELOPE>
 <VOUCHER>
  <GUID>52889497-5b6b-403d-8f83-224e3c7759b4-000001eb</GUID>
  <REMOTEALTGUID>52889497-5b6b-403d-8f83-224e3c7759b4</REMOTEALTGUID>
  <MASTERID>491</MASTERID>
  <ALTERID>7848</ALTERID>
  <ENTEREDBY>A</ENTEREDBY>
  <ALTEREDBY>A</ALTEREDBY>
  <ALTEREDON>2016-11-07</ALTEREDON>
  <DATE>2016-09-30</DATE>
  <EFFECTIVEDATE>2016-09-30</EFFECTIVEDATE>
  <VOUCHERTYPENAME>Reversing Journal</VOUCHERTYPENAME>
  <PERSISTEDVIEW>AccountingVoucherView</PERSISTEDVIEW>
  <VCHGSTCLASS>Not Applicable</VCHGSTCLASS>
  <ISCOSTCENTRE>false</ISCOSTCENTRE>
  <ISINVOICE>false</ISINVOICE>
  <VOUCHERNUMBER>1</VOUCHERNUMBER>
  <ISOPTIONAL>false</ISOPTIONAL>
  <VOUCHERNUMBERSERIES>Default</VOUCHERNUMBERSERIES>
  <GSTREGISTRATION>Not Applicable</GSTREGISTRATION>
  <ISCANCELLED>false</ISCANCELLED>
  <OVRDNEWAYBILLAPPLICABILITY>false</OVRDNEWAYBILLAPPLICABILITY>
  <ALLLEDGERENTRIES.LIST>
   <INDEXNUMBER>1</INDEXNUMBER>
   <LEDGERNAME>Depreciation</LEDGERNAME>
   <VCHLEDGERTYPE>Others</VCHLEDGERTYPE>
   <ISDEEMEDPOSITIVE>true</ISDEEMEDPOSITIVE>
   <ISPARTYLEDGER>false</ISPARTYLEDGER>
   <AMOUNT>
    <AMOUNT>20000</AMOUNT>
    <CURRENCY>₹</CURRENCY>
    <FOREXSYMBOL>- * -</FOREXSYMBOL>
    <ISDEBIT>true</ISDEBIT>
   </AMOUNT>
  </ALLLEDGERENTRIES.LIST>
  <ALLLEDGERENTRIES.LIST>
   <INDEXNUMBER>2</INDEXNUMBER>
   <LEDGERNAME>Motor Car - Hyundai GLX</LEDGERNAME>
   <VCHLEDGERTYPE>Others</VCHLEDGERTYPE>
   <ISDEEMEDPOSITIVE>false</ISDEEMEDPOSITIVE>
   <ISPARTYLEDGER>false</ISPARTYLEDGER>
   <AMOUNT>
    <AMOUNT>20000</AMOUNT>
    <CURRENCY>₹</CURRENCY>
    <FOREXSYMBOL>- * -</FOREXSYMBOL>
    <ISDEBIT>false</ISDEBIT>
   </AMOUNT>
  </ALLLEDGERENTRIES.LIST>
 </VOUCHER>
</ENVELOPE>
