<ENVELOPE>
 <VOUCHER>
  <GUID>52889497-5b6b-403d-8f83-224e3c7759b4-00000ff3</GUID>
  <REMOTEALTGUID>52889497-5b6b-403d-8f83-224e3c7759b4</REMOTEALTGUID>
  <MASTERID>4083</MASTERID>
  <ALTERID>4591</ALTERID>
  <ENTEREDBY>A</ENTEREDBY>
  <DATE>2009-04-01</DATE>
  <EFFECTIVEDATE>2009-04-01</EFFECTIVEDATE>
  <VOUCHERTYPENAME>Payment</VOUCHERTYPENAME>
  <PERSISTEDVIEW>AccountingVoucherView</PERSISTEDVIEW>
  <VCHGSTCLASS>Not Applicable</VCHGSTCLASS>
  <ISCOSTCENTRE>false</ISCOSTCENTRE>
  <ISINVOICE>false</ISINVOICE>
  <VOUCHERNUMBER>1</VOUCHERNUMBER>
  <ISOPTIONAL>false</ISOPTIONAL>
  <VOUCHERNUMBERSERIES>Default</VOUCHERNUMBERSERIES>
  <GSTREGISTRATION>Not Applicable</GSTREGISTRATION>
  <ISCANCELLED>false</ISCANCELLED>
  <OVRDNEWAYBILLAPPLICABILITY>false</OVRDNEWAYBILLAPPLICABILITY>
  <ALLLEDGERENTRIES.LIST>
   <INDEXNUMBER>1</INDEXNUMBER>
   <LEDGERNAME>Assembling Charges</LEDGERNAME>
   <VCHLEDGERTYPE>Others</VCHLEDGERTYPE>
   <ISDEEMEDPOSITIVE>true</ISDEEMEDPOSITIVE>
   <ISPARTYLEDGER>false</ISPARTYLEDGER>
   <AMOUNT>
    <AMOUNT>10</AMOUNT>
    <CURRENCY>₹</CURRENCY>
    <FOREXSYMBOL>- * -</FOREXSYMBOL>
    <ISDEBIT>true</ISDEBIT>
   </AMOUNT>
  </ALLLEDGERENTRIES.LIST>
  <ALLLEDGERENTRIES.LIST>
   <INDEXNUMBER>2</INDEXNUMBER>
   <LEDGERNAME>Canara Bank</LEDGERNAME>
   <VCHLEDGERTYPE>Others</VCHLEDGERTYPE>
   <ISDEEMEDPOSITIVE>false</ISDEEMEDPOSITIVE>
   <ISPARTYLEDGER>true</ISPARTYLEDGER>
   <AMOUNT>
    <AMOUNT>10</AMOUNT>
    <CURRENCY>₹</CURRENCY>
    <FOREXSYMBOL>- * -</FOREXSYMBOL>
    <ISDEBIT>false</ISDEBIT>
   </AMOUNT>
  </ALLLEDGERENTRIES.LIST>
 </VOUCHER>
 <VOUCHER>
  <GUID>52889497-5b6b-403d-8f83-224e3c7759b4-00000ff6</GUID>
  <REMOTEALTGUID>52889497-5b6b-403d-8f83-224e3c7759b4</REMOTEALTGUID>
  <MASTERID>4086</MASTERID>
  <ALTERID>4583</ALTERID>
  <ENTEREDBY>A</ENTEREDBY>
  <DATE>2009-04-01</DATE>
  <EFFECTIVEDATE>2009-04-01</EFFECTIVEDATE>
  <VOUCHERTYPENAME>Payment</VOUCHERTYPENAME>
  <PERSISTEDVIEW>AccountingVoucherView</PERSISTEDVIEW>
  <VCHGSTCLASS>Not Applicable</VCHGSTCLASS>
  <ISCOSTCENTRE>false</ISCOSTCENTRE>
  <ISINVOICE>false</ISINVOICE>
  <VOUCHERNUMBER>2</VOUCHERNUMBER>
  <ISOPTIONAL>false</ISOPTIONAL>
  <NARRATION>Ch. No. :</NARRATION>
  <VOUCHERNUMBERSERIES>Default</VOUCHERNUMBERSERIES>
  <GSTREGISTRATION>Not Applicable</GSTREGISTRATION>
  <ISCANCELLED>false</ISCANCELLED>
  <OVRDNEWAYBILLAPPLICABILITY>false</OVRDNEWAYBILLAPPLICABILITY>
  <ALLLEDGERENTRIES.LIST>
   <INDEXNUMBER>1</INDEXNUMBER>
   <LEDGERNAME>ABC India Pvt. Ltd.</LEDGERNAME>
   <VCHLEDGERTYPE>Others</VCHLEDGERTYPE>
   <ISDEEMEDPOSITIVE>true</ISDEEMEDPOSITIVE>
   <ISPARTYLEDGER>true</ISPARTYLEDGER>
   <AMOUNT>
    <AMOUNT>500</AMOUNT>
    <CURRENCY>₹</CURRENCY>
    <FOREXSYMBOL>- * -</FOREXSYMBOL>
    <ISDEBIT>true</ISDEBIT>
   </AMOUNT>
   <BILLALLOCATIONS.LIST>
    <BILLTYPE>NewRef</BILLTYPE>
    <NAME>Op Bal 123</NAME>
    <BILLCREDITPERIOD>
     <DUEONDATE>2009-04-02</DUEONDATE>
     <INDAYS>1</INDAYS>
     <INTEXT>1 Days</INTEXT>
    </BILLCREDITPERIOD>
    <AMOUNT>
     <AMOUNT>500</AMOUNT>
     <CURRENCY>₹</CURRENCY>
     <FOREXSYMBOL>- * -</FOREXSYMBOL>
     <ISDEBIT>true</ISDEBIT>
    </AMOUNT>
   </BILLALLOCATIONS.LIST>
  </ALLLEDGERENTRIES.LIST>
  <ALLLEDGERENTRIES.LIST>
   <INDEXNUMBER>2</INDEXNUMBER>
   <LEDGERNAME>Canara Bank</LEDGERNAME>
   <VCHLEDGERTYPE>Others</VCHLEDGERTYPE>
   <ISDEEMEDPOSITIVE>false</ISDEEMEDPOSITIVE>
   <ISPARTYLEDGER>true</ISPARTYLEDGER>
   <AMOUNT>
    <AMOUNT>500</AMOUNT>
    <CURRENCY>₹</CURRENCY>
    <FOREXSYMBOL>- * -</FOREXSYMBOL>
    <ISDEBIT>false</ISDEBIT>
   </AMOUNT>
  </ALLLEDGERENTRIES.LIST>
 </VOUCHER>
 <VOUCHER>
  <GUID>52889497-5b6b-403d-8f83-224e3c7759b4-0000101c</GUID>
  <REMOTEALTGUID>52889497-5b6b-403d-8f83-224e3c7759b4</REMOTEALTGUID>
  <MASTERID>4124</MASTERID>
  <ALTERID>4603</ALTERID>
  <ENTEREDBY>A</ENTEREDBY>
  <DATE>2009-04-01</DATE>
  <EFFECTIVEDATE>2009-04-01</EFFECTIVEDATE>
  <VOUCHERTYPENAME>Payment</VOUCHERTYPENAME>
  <PERSISTEDVIEW>AccountingVoucherView</PERSISTEDVIEW>
  <VCHGSTCLASS>Not Applicable</VCHGSTCLASS>
  <ISCOSTCENTRE>false</ISCOSTCENTRE>
  <ISINVOICE>false</ISINVOICE>
  <VOUCHERNUMBER>3</VOUCHERNUMBER>
  <ISOPTIONAL>false</ISOPTIONAL>
  <VOUCHERNUMBERSERIES>Default</VOUCHERNUMBERSERIES>
  <GSTREGISTRATION>Not Applicable</GSTREGISTRATION>
  <ISCANCELLED>false</ISCANCELLED>
  <OVRDNEWAYBILLAPPLICABILITY>false</OVRDNEWAYBILLAPPLICABILITY>
  <ALLLEDGERENTRIES.LIST>
   <INDEXNUMBER>1</INDEXNUMBER>
   <LEDGERNAME>Conveyance</LEDGERNAME>
   <VCHLEDGERTYPE>Others</VCHLEDGERTYPE>
   <ISDEEMEDPOSITIVE>true</ISDEEMEDPOSITIVE>
   <ISPARTYLEDGER>false</ISPARTYLEDGER>
   <AMOUNT>
    <AMOUNT>5000</AMOUNT>
    <CURRENCY>₹</CURRENCY>
    <FOREXSYMBOL>- * -</FOREXSYMBOL>
    <ISDEBIT>true</ISDEBIT>
   </AMOUNT>
  </ALLLEDGERENTRIES.LIST>
  <ALLLEDGERENTRIES.LIST>
   <INDEXNUMBER>2</INDEXNUMBER>
   <LEDGERNAME>Cash</LEDGERNAME>
   <VCHLEDGERTYPE>Others</VCHLEDGERTYPE>
   <ISDEEMEDPOSITIVE>false</ISDEEMEDPOSITIVE>
   <ISPARTYLEDGER>true</ISPARTYLEDGER>
   <AMOUNT>
    <AMOUNT>5000</AMOUNT>
    <CURRENCY>₹</CURRENCY>
    <FOREXSYMBOL>- * -</FOREXSYMBOL>
    <ISDEBIT>false</ISDEBIT>
   </AMOUNT>
  </ALLLEDGERENTRIES.LIST>
 </VOUCHER>
 <VOUCHER>
  <GUID>52889497-5b6b-403d-8f83-224e3c7759b4-0000101d</GUID>
  <REMOTEALTGUID>52889497-5b6b-403d-8f83-224e3c7759b4</REMOTEALTGUID>
  <MASTERID>4125</MASTERID>
  <ALTERID>4247</ALTERID>
  <ENTEREDBY>A</ENTEREDBY>
  <DATE>2009-04-01</DATE>
  <EFFECTIVEDATE>2009-04-01</EFFECTIVEDATE>
  <VOUCHERTYPENAME>Payment</VOUCHERTYPENAME>
  <PERSISTEDVIEW>AccountingVoucherView</PERSISTEDVIEW>
  <VCHGSTCLASS>Not Applicable</VCHGSTCLASS>
  <ISCOSTCENTRE>false</ISCOSTCENTRE>
  <ISINVOICE>false</ISINVOICE>
  <VOUCHERNUMBER>4</VOUCHERNUMBER>
  <ISOPTIONAL>false</ISOPTIONAL>
  <VOUCHERNUMBERSERIES>Default</VOUCHERNUMBERSERIES>
  <GSTREGISTRATION>Not Applicable</GSTREGISTRATION>
  <ISCANCELLED>false</ISCANCELLED>
  <OVRDNEWAYBILLAPPLICABILITY>false</OVRDNEWAYBILLAPPLICABILITY>
  <ALLLEDGERENTRIES.LIST>
   <INDEXNUMBER>1</INDEXNUMBER>
   <LEDGERNAME>Conveyance</LEDGERNAME>
   <VCHLEDGERTYPE>Others</VCHLEDGERTYPE>
   <ISDEEMEDPOSITIVE>true</ISDEEMEDPOSITIVE>
   <ISPARTYLEDGER>false</ISPARTYLEDGER>
   <AMOUNT>
    <AMOUNT>2500</AMOUNT>
    <CURRENCY>₹</CURRENCY>
    <FOREXSYMBOL>- * -</FOREXSYMBOL>
    <ISDEBIT>true</ISDEBIT>
   </AMOUNT>
  </ALLLEDGERENTRIES.LIST>
  <ALLLEDGERENTRIES.LIST>
   <INDEXNUMBER>2</INDEXNUMBER>
   <LEDGERNAME>Cash</LEDGERNAME>
   <VCHLEDGERTYPE>Others</VCHLEDGERTYPE>
   <ISDEEMEDPOSITIVE>false</ISDEEMEDPOSITIVE>
   <ISPARTYLEDGER>true</ISPARTYLEDGER>
   <AMOUNT>
    <AMOUNT>2500</AMOUNT>
    <CURRENCY>₹</CURRENCY>
    <FOREXSYMBOL>- * -</FOREXSYMBOL>
    <ISDEBIT>false</ISDEBIT>
   </AMOUNT>
  </ALLLEDGERENTRIES.LIST>
 </VOUCHER>
 <VOUCHER>
  <GUID>52889497-5b6b-403d-8f83-224e3c7759b4-00000ff4</GUID>
  <REMOTEALTGUID>52889497-5b6b-403d-8f83-224e3c7759b4</REMOTEALTGUID>
  <MASTERID>4084</MASTERID>
  <ALTERID>4547</ALTERID>
  <ENTEREDBY>A</ENTEREDBY>
  <DATE>2009-05-01</DATE>
  <EFFECTIVEDATE>2009-05-01</EFFECTIVEDATE>
  <VOUCHERTYPENAME>Payment</VOUCHERTYPENAME>
  <PERSISTEDVIEW>AccountingVoucherView</PERSISTEDVIEW>
  <VCHGSTCLASS>Not Applicable</VCHGSTCLASS>
  <ISCOSTCENTRE>false</ISCOSTCENTRE>
  <ISINVOICE>false</ISINVOICE>
  <VOUCHERNUMBER>5</VOUCHERNUMBER>
  <ISOPTIONAL>false</ISOPTIONAL>
  <VOUCHERNUMBERSERIES>Default</VOUCHERNUMBERSERIES>
  <GSTREGISTRATION>Not Applicable</GSTREGISTRATION>
  <ISCANCELLED>false</ISCANCELLED>
  <OVRDNEWAYBILLAPPLICABILITY>false</OVRDNEWAYBILLAPPLICABILITY>
  <ALLLEDGERENTRIES.LIST>
   <INDEXNUMBER>1</INDEXNUMBER>
   <LEDGERNAME>Assembling Charges</LEDGERNAME>
   <VCHLEDGERTYPE>Others</VCHLEDGERTYPE>
   <ISDEEMEDPOSITIVE>true</ISDEEMEDPOSITIVE>
   <ISPARTYLEDGER>false</ISPARTYLEDGER>
   <AMOUNT>
    <AMOUNT>1</AMOUNT>
    <CURRENCY>₹</CURRENCY>
    <FOREXSYMBOL>- * -</FOREXSYMBOL>
    <ISDEBIT>true</ISDEBIT>
   </AMOUNT>
  </ALLLEDGERENTRIES.LIST>
  <ALLLEDGERENTRIES.LIST>
   <INDEXNUMBER>2</INDEXNUMBER>
   <LEDGERNAME>Canara Bank</LEDGERNAME>
   <VCHLEDGERTYPE>Others</VCHLEDGERTYPE>
   <ISDEEMEDPOSITIVE>false</ISDEEMEDPOSITIVE>
   <ISPARTYLEDGER>true</ISPARTYLEDGER>
   <AMOUNT>
    <AMOUNT>1</AMOUNT>
    <CURRENCY>₹</CURRENCY>
    <FOREXSYMBOL>- * -</FOREXSYMBOL>
    <ISDEBIT>false</ISDEBIT>
   </AMOUNT>
  </ALLLEDGERENTRIES.LIST>
 </VOUCHER>
 <VOUCHER>
  <GUID>52889497-5b6b-403d-8f83-224e3c7759b4-00001082</GUID>
  <REMOTEALTGUID>52889497-5b6b-403d-8f83-224e3c7759b4</REMOTEALTGUID>
  <MASTERID>4226</MASTERID>
  <ALTERID>4593</ALTERID>
  <ENTEREDBY>A</ENTEREDBY>
  <DATE>2009-05-31</DATE>
  <EFFECTIVEDATE>2009-05-31</EFFECTIVEDATE>
  <VOUCHERTYPENAME>Payment</VOUCHERTYPENAME>
  <PERSISTEDVIEW>AccountingVoucherView</PERSISTEDVIEW>
  <VCHGSTCLASS>Not Applicable</VCHGSTCLASS>
  <ISCOSTCENTRE>false</ISCOSTCENTRE>
  <ISINVOICE>false</ISINVOICE>
  <VOUCHERNUMBER>6</VOUCHERNUMBER>
  <ISOPTIONAL>false</ISOPTIONAL>
  <NARRATION>Ch. No. :</NARRATION>
  <VOUCHERNUMBERSERIES>Default</VOUCHERNUMBERSERIES>
  <GSTREGISTRATION>Not Applicable</GSTREGISTRATION>
  <ISCANCELLED>false</ISCANCELLED>
  <OVRDNEWAYBILLAPPLICABILITY>false</OVRDNEWAYBILLAPPLICABILITY>
  <ALLLEDGERENTRIES.LIST>
   <INDEXNUMBER>1</INDEXNUMBER>
   <LEDGERNAME>Conveyance</LEDGERNAME>
   <VCHLEDGERTYPE>Others</VCHLEDGERTYPE>
   <ISDEEMEDPOSITIVE>true</ISDEEMEDPOSITIVE>
   <ISPARTYLEDGER>false</ISPARTYLEDGER>
   <AMOUNT>
    <AMOUNT>1000</AMOUNT>
    <CURRENCY>₹</CURRENCY>
    <FOREXSYMBOL>- * -</FOREXSYMBOL>
    <ISDEBIT>true</ISDEBIT>
   </AMOUNT>
  </ALLLEDGERENTRIES.LIST>
  <ALLLEDGERENTRIES.LIST>
   <INDEXNUMBER>2</INDEXNUMBER>
   <LEDGERNAME>Canara Bank</LEDGERNAME>
   <VCHLEDGERTYPE>Others</VCHLEDGERTYPE>
   <ISDEEMEDPOSITIVE>false</ISDEEMEDPOSITIVE>
   <ISPARTYLEDGER>true</ISPARTYLEDGER>
   <AMOUNT>
    <AMOUNT>1000</AMOUNT>
    <CURRENCY>₹</CURRENCY>
    <FOREXSYMBOL>- * -</FOREXSYMBOL>
    <ISDEBIT>false</ISDEBIT>
   </AMOUNT>
  </ALLLEDGERENTRIES.LIST>
 </VOUCHER>
 <VOUCHER>
  <GUID>52889497-5b6b-403d-8f83-224e3c7759b4-0000108f</GUID>
  <REMOTEALTGUID>52889497-5b6b-403d-8f83-224e3c7759b4</REMOTEALTGUID>
  <MASTERID>4239</MASTERID>
  <ALTERID>4557</ALTERID>
  <ENTEREDBY>A</ENTEREDBY>
  <DATE>2009-05-31</DATE>
  <EFFECTIVEDATE>2009-05-31</EFFECTIVEDATE>
  <VOUCHERTYPENAME>Payment</VOUCHERTYPENAME>
  <PERSISTEDVIEW>AccountingVoucherView</PERSISTEDVIEW>
  <VCHGSTCLASS>Not Applicable</VCHGSTCLASS>
  <ISCOSTCENTRE>false</ISCOSTCENTRE>
  <ISINVOICE>false</ISINVOICE>
  <VOUCHERNUMBER>7</VOUCHERNUMBER>
  <ISOPTIONAL>false</ISOPTIONAL>
  <NARRATION>Ch. No. :</NARRATION>
  <VOUCHERNUMBERSERIES>Default</VOUCHERNUMBERSERIES>
  <GSTREGISTRATION>Not Applicable</GSTREGISTRATION>
  <ISCANCELLED>false</ISCANCELLED>
  <OVRDNEWAYBILLAPPLICABILITY>false</OVRDNEWAYBILLAPPLICABILITY>
  <ALLLEDGERENTRIES.LIST>
   <INDEXNUMBER>1</INDEXNUMBER>
   <LEDGERNAME>Conveyance</LEDGERNAME>
   <VCHLEDGERTYPE>Others</VCHLEDGERTYPE>
   <ISDEEMEDPOSITIVE>true</ISDEEMEDPOSITIVE>
   <ISPARTYLEDGER>false</ISPARTYLEDGER>
   <AMOUNT>
    <AMOUNT>100000</AMOUNT>
    <CURRENCY>₹</CURRENCY>
    <FOREXSYMBOL>- * -</FOREXSYMBOL>
    <ISDEBIT>true</ISDEBIT>
   </AMOUNT>
  </ALLLEDGERENTRIES.LIST>
  <ALLLEDGERENTRIES.LIST>
   <INDEXNUMBER>2</INDEXNUMBER>
   <LEDGERNAME>Canara Bank</LEDGERNAME>
   <VCHLEDGERTYPE>Others</VCHLEDGERTYPE>
   <ISDEEMEDPOSITIVE>false</ISDEEMEDPOSITIVE>
   <ISPARTYLEDGER>true</ISPARTYLEDGER>
   <AMOUNT>
    <AMOUNT>100000</AMOUNT>
    <CURRENCY>₹</CURRENCY>
    <FOREXSYMBOL>- * -</FOREXSYMBOL>
    <ISDEBIT>false</ISDEBIT>
   </AMOUNT>
  </ALLLEDGERENTRIES.LIST>
 </VOUCHER>
 <VOUCHER>
  <GUID>52889497-5b6b-403d-8f83-224e3c7759b4-00000ff5</GUID>
  <REMOTEALTGUID>52889497-5b6b-403d-8f83-224e3c7759b4</REMOTEALTGUID>
  <MASTERID>4085</MASTERID>
  <ALTERID>4607</ALTERID>
  <ENTEREDBY>A</ENTEREDBY>
  <DATE>2009-06-01</DATE>
  <EFFECTIVEDATE>2009-06-01</EFFECTIVEDATE>
  <VOUCHERTYPENAME>Payment</VOUCHERTYPENAME>
  <PERSISTEDVIEW>AccountingVoucherView</PERSISTEDVIEW>
  <VCHGSTCLASS>Not Applicable</VCHGSTCLASS>
  <ISCOSTCENTRE>false</ISCOSTCENTRE>
  <ISINVOICE>false</ISINVOICE>
  <VOUCHERNUMBER>8</VOUCHERNUMBER>
  <ISOPTIONAL>false</ISOPTIONAL>
  <NARRATION>Ch. No. :radhekrishna</NARRATION>
  <VOUCHERNUMBERSERIES>Default</VOUCHERNUMBERSERIES>
  <GSTREGISTRATION>Not Applicable</GSTREGISTRATION>
  <ISCANCELLED>false</ISCANCELLED>
  <OVRDNEWAYBILLAPPLICABILITY>false</OVRDNEWAYBILLAPPLICABILITY>
  <ALLLEDGERENTRIES.LIST>
   <INDEXNUMBER>1</INDEXNUMBER>
   <LEDGERNAME>Assembling Charges</LEDGERNAME>
   <VCHLEDGERTYPE>Others</VCHLEDGERTYPE>
   <ISDEEMEDPOSITIVE>true</ISDEEMEDPOSITIVE>
   <ISPARTYLEDGER>false</ISPARTYLEDGER>
   <AMOUNT>
    <AMOUNT>1</AMOUNT>
    <CURRENCY>₹</CURRENCY>
    <FOREXSYMBOL>- * -</FOREXSYMBOL>
    <ISDEBIT>true</ISDEBIT>
   </AMOUNT>
  </ALLLEDGERENTRIES.LIST>
  <ALLLEDGERENTRIES.LIST>
   <INDEXNUMBER>2</INDEXNUMBER>
   <LEDGERNAME>Canara Bank</LEDGERNAME>
   <VCHLEDGERTYPE>Others</VCHLEDGERTYPE>
   <ISDEEMEDPOSITIVE>false</ISDEEMEDPOSITIVE>
   <ISPARTYLEDGER>true</ISPARTYLEDGER>
   <AMOUNT>
    <AMOUNT>1</AMOUNT>
    <CURRENCY>₹</CURRENCY>
    <FOREXSYMBOL>- * -</FOREXSYMBOL>
    <ISDEBIT>false</ISDEBIT>
   </AMOUNT>
  </ALLLEDGERENTRIES.LIST>
 </VOUCHER>
 <VOUCHER>
  <GUID>52889497-5b6b-403d-8f83-224e3c7759b4-000010a0</GUID>
  <REMOTEALTGUID>52889497-5b6b-403d-8f83-224e3c7759b4</REMOTEALTGUID>
  <MASTERID>4256</MASTERID>
  <ALTERID>4601</ALTERID>
  <ENTEREDBY>A</ENTEREDBY>
  <DATE>2009-06-02</DATE>
  <EFFECTIVEDATE>2009-06-02</EFFECTIVEDATE>
  <VOUCHERTYPENAME>Payment</VOUCHERTYPENAME>
  <PERSISTEDVIEW>AccountingVoucherView</PERSISTEDVIEW>
  <VCHGSTCLASS>Not Applicable</VCHGSTCLASS>
  <ISCOSTCENTRE>false</ISCOSTCENTRE>
  <ISINVOICE>false</ISINVOICE>
  <VOUCHERNUMBER>9</VOUCHERNUMBER>
  <ISOPTIONAL>false</ISOPTIONAL>
  <VOUCHERNUMBERSERIES>Default</VOUCHERNUMBERSERIES>
  <GSTREGISTRATION>Not Applicable</GSTREGISTRATION>
  <ISCANCELLED>false</ISCANCELLED>
  <OVRDNEWAYBILLAPPLICABILITY>false</OVRDNEWAYBILLAPPLICABILITY>
  <ALLLEDGERENTRIES.LIST>
   <INDEXNUMBER>1</INDEXNUMBER>
   <LEDGERNAME>ABC India Pvt. Ltd.</LEDGERNAME>
   <VCHLEDGERTYPE>Others</VCHLEDGERTYPE>
   <ISDEEMEDPOSITIVE>true</ISDEEMEDPOSITIVE>
   <ISPARTYLEDGER>true</ISPARTYLEDGER>
   <AMOUNT>
    <AMOUNT>54</AMOUNT>
    <CURRENCY>₹</CURRENCY>
    <FOREXSYMBOL>- * -</FOREXSYMBOL>
    <ISDEBIT>true</ISDEBIT>
   </AMOUNT>
   <BILLALLOCATIONS.LIST>
    <BILLTYPE>OnAccount</BILLTYPE>
    <AMOUNT>
     <AMOUNT>54</AMOUNT>
     <CURRENCY>₹</CURRENCY>
     <FOREXSYMBOL>- * -</FOREXSYMBOL>
     <ISDEBIT>true</ISDEBIT>
    </AMOUNT>
   </BILLALLOCATIONS.LIST>
  </ALLLEDGERENTRIES.LIST>
  <ALLLEDGERENTRIES.LIST>
   <INDEXNUMBER>2</INDEXNUMBER>
   <LEDGERNAME>Cash</LEDGERNAME>
   <VCHLEDGERTYPE>Others</VCHLEDGERTYPE>
   <ISDEEMEDPOSITIVE>false</ISDEEMEDPOSITIVE>
   <ISPARTYLEDGER>true</ISPARTYLEDGER>
   <AMOUNT>
    <AMOUNT>54</AMOUNT>
    <CURRENCY>₹</CURRENCY>
    <FOREXSYMBOL>- * -</FOREXSYMBOL>
    <ISDEBIT>false</ISDEBIT>
   </AMOUNT>
  </ALLLEDGERENTRIES.LIST>
 </VOUCHER>
 <VOUCHER>
  <GUID>52889497-5b6b-403d-8f83-224e3c7759b4-000010b0</GUID>
  <REMOTEALTGUID>52889497-5b6b-403d-8f83-224e3c7759b4</REMOTEALTGUID>
  <MASTERID>4272</MASTERID>
  <ALTERID>4610</ALTERID>
  <ENTEREDBY>A</ENTEREDBY>
  <DATE>2009-06-02</DATE>
  <EFFECTIVEDATE>2009-06-02</EFFECTIVEDATE>
  <VOUCHERTYPENAME>Payment</VOUCHERTYPENAME>
  <PERSISTEDVIEW>AccountingVoucherView</PERSISTEDVIEW>
  <VCHGSTCLASS>Not Applicable</VCHGSTCLASS>
  <ISCOSTCENTRE>false</ISCOSTCENTRE>
  <ISINVOICE>false</ISINVOICE>
  <VOUCHERNUMBER>10</VOUCHERNUMBER>
  <ISOPTIONAL>false</ISOPTIONAL>
  <VOUCHERNUMBERSERIES>Default</VOUCHERNUMBERSERIES>
  <GSTREGISTRATION>Not Applicable</GSTREGISTRATION>
  <ISCANCELLED>false</ISCANCELLED>
  <OVRDNEWAYBILLAPPLICABILITY>false</OVRDNEWAYBILLAPPLICABILITY>
  <ALLLEDGERENTRIES.LIST>
   <INDEXNUMBER>1</INDEXNUMBER>
   <LEDGERNAME>ABC India Pvt. Ltd.</LEDGERNAME>
   <VCHLEDGERTYPE>Others</VCHLEDGERTYPE>
   <ISDEEMEDPOSITIVE>true</ISDEEMEDPOSITIVE>
   <ISPARTYLEDGER>true</ISPARTYLEDGER>
   <AMOUNT>
    <AMOUNT>54</AMOUNT>
    <CURRENCY>₹</CURRENCY>
    <FOREXSYMBOL>- * -</FOREXSYMBOL>
    <ISDEBIT>true</ISDEBIT>
   </AMOUNT>
   <BILLALLOCATIONS.LIST>
    <BILLTYPE>OnAccount</BILLTYPE>
    <AMOUNT>
     <AMOUNT>54</AMOUNT>
     <CURRENCY>₹</CURRENCY>
     <FOREXSYMBOL>- * -</FOREXSYMBOL>
     <ISDEBIT>true</ISDEBIT>
    </AMOUNT>
   </BILLALLOCATIONS.LIST>
  </ALLLEDGERENTRIES.LIST>
  <ALLLEDGERENTRIES.LIST>
   <INDEXNUMBER>2</INDEXNUMBER>
   <LEDGERNAME>Cash</LEDGERNAME>
   <VCHLEDGERTYPE>Others</VCHLEDGERTYPE>
   <ISDEEMEDPOSITIVE>false</ISDEEMEDPOSITIVE>
   <ISPARTYLEDGER>true</ISPARTYLEDGER>
   <AMOUNT>
    <AMOUNT>54</AMOUNT>
    <CURRENCY>₹</CURRENCY>
    <FOREXSYMBOL>- * -</FOREXSYMBOL>
    <ISDEBIT>false</ISDEBIT>
   </AMOUNT>
  </ALLLEDGERENTRIES.LIST>
 </VOUCHER>
 <VOUCHER>
  <GUID>52889497-5b6b-403d-8f83-224e3c7759b4-000010b1</GUID>
  <REMOTEALTGUID>52889497-5b6b-403d-8f83-224e3c7759b4</REMOTEALTGUID>
  <MASTERID>4273</MASTERID>
  <ALTERID>4611</ALTERID>
  <ENTEREDBY>A</ENTEREDBY>
  <DATE>2009-07-01</DATE>
  <EFFECTIVEDATE>2009-07-01</EFFECTIVEDATE>
  <VOUCHERTYPENAME>Payment</VOUCHERTYPENAME>
  <PERSISTEDVIEW>AccountingVoucherView</PERSISTEDVIEW>
  <VCHGSTCLASS>Not Applicable</VCHGSTCLASS>
  <ISCOSTCENTRE>false</ISCOSTCENTRE>
  <ISINVOICE>false</ISINVOICE>
  <VOUCHERNUMBER>11</VOUCHERNUMBER>
  <ISOPTIONAL>false</ISOPTIONAL>
  <VOUCHERNUMBERSERIES>Default</VOUCHERNUMBERSERIES>
  <GSTREGISTRATION>Not Applicable</GSTREGISTRATION>
  <ISCANCELLED>false</ISCANCELLED>
  <OVRDNEWAYBILLAPPLICABILITY>false</OVRDNEWAYBILLAPPLICABILITY>
  <ALLLEDGERENTRIES.LIST>
   <INDEXNUMBER>1</INDEXNUMBER>
   <LEDGERNAME>Assembling Charges</LEDGERNAME>
   <VCHLEDGERTYPE>Others</VCHLEDGERTYPE>
   <ISDEEMEDPOSITIVE>true</ISDEEMEDPOSITIVE>
   <ISPARTYLEDGER>false</ISPARTYLEDGER>
   <AMOUNT>
    <AMOUNT>10</AMOUNT>
    <CURRENCY>₹</CURRENCY>
    <FOREXSYMBOL>- * -</FOREXSYMBOL>
    <ISDEBIT>true</ISDEBIT>
   </AMOUNT>
  </ALLLEDGERENTRIES.LIST>
  <ALLLEDGERENTRIES.LIST>
   <INDEXNUMBER>2</INDEXNUMBER>
   <LEDGERNAME>Canara Bank</LEDGERNAME>
   <VCHLEDGERTYPE>Others</VCHLEDGERTYPE>
   <ISDEEMEDPOSITIVE>false</ISDEEMEDPOSITIVE>
   <ISPARTYLEDGER>true</ISPARTYLEDGER>
   <AMOUNT>
    <AMOUNT>10</AMOUNT>
    <CURRENCY>₹</CURRENCY>
    <FOREXSYMBOL>- * -</FOREXSYMBOL>
    <ISDEBIT>false</ISDEBIT>
   </AMOUNT>
  </ALLLEDGERENTRIES.LIST>
 </VOUCHER>
 <VOUCHER>
  <GUID>52889497-5b6b-403d-8f83-224e3c7759b4-000002ef</GUID>
  <REMOTEALTGUID>52889497-5b6b-403d-8f83-224e3c7759b4</REMOTEALTGUID>
  <MASTERID>751</MASTERID>
  <ALTERID>6834</ALTERID>
  <ENTEREDBY>A</ENTEREDBY>
  <DATE>2010-01-01</DATE>
  <EFFECTIVEDATE>2010-01-01</EFFECTIVEDATE>
  <VOUCHERTYPENAME>Payment</VOUCHERTYPENAME>
  <PERSISTEDVIEW>AccountingVoucherView</PERSISTEDVIEW>
  <VCHGSTCLASS>Not Applicable</VCHGSTCLASS>
  <ISCOSTCENTRE>false</ISCOSTCENTRE>
  <ISINVOICE>false</ISINVOICE>
  <VOUCHERNUMBER>12</VOUCHERNUMBER>
  <ISOPTIONAL>false</ISOPTIONAL>
  <NARRATION>Ch. No. :  303395  rent paid for the month of december  2007</NARRATION>
  <VOUCHERNUMBERSERIES>Default</VOUCHERNUMBERSERIES>
  <GSTREGISTRATION>Not Applicable</GSTREGISTRATION>
  <ISCANCELLED>false</ISCANCELLED>
  <OVRDNEWAYBILLAPPLICABILITY>false</OVRDNEWAYBILLAPPLICABILITY>
  <ALLLEDGERENTRIES.LIST>
   <INDEXNUMBER>1</INDEXNUMBER>
   <LEDGERNAME>Office Rent</LEDGERNAME>
   <VCHLEDGERTYPE>Others</VCHLEDGERTYPE>
   <ISDEEMEDPOSITIVE>true</ISDEEMEDPOSITIVE>
   <ISPARTYLEDGER>false</ISPARTYLEDGER>
   <AMOUNT>
    <AMOUNT>2500</AMOUNT>
    <CURRENCY>₹</CURRENCY>
    <FOREXSYMBOL>- * -</FOREXSYMBOL>
    <ISDEBIT>true</ISDEBIT>
   </AMOUNT>
  </ALLLEDGERENTRIES.LIST>
  <ALLLEDGERENTRIES.LIST>
   <INDEXNUMBER>2</INDEXNUMBER>
   <LEDGERNAME>Canara Bank</LEDGERNAME>
   <VCHLEDGERTYPE>Others</VCHLEDGERTYPE>
   <ISDEEMEDPOSITIVE>false</ISDEEMEDPOSITIVE>
   <ISPARTYLEDGER>true</ISPARTYLEDGER>
   <AMOUNT>
    <AMOUNT>2500</AMOUNT>
    <CURRENCY>₹</CURRENCY>
    <FOREXSYMBOL>- * -</FOREXSYMBOL>
    <ISDEBIT>false</ISDEBIT>
   </AMOUNT>
  </ALLLEDGERENTRIES.LIST>
 </VOUCHER>
 <VOUCHER>
  <GUID>52889497-5b6b-403d-8f83-224e3c7759b4-000011e4</GUID>
  <REMOTEALTGUID>52889497-5b6b-403d-8f83-224e3c7759b4</REMOTEALTGUID>
  <MASTERID>4580</MASTERID>
  <ALTERID>6836</ALTERID>
  <ENTEREDBY>A</ENTEREDBY>
  <DATE>2010-01-01</DATE>
  <EFFECTIVEDATE>2010-01-01</EFFECTIVEDATE>
  <VOUCHERTYPENAME>Payment</VOUCHERTYPENAME>
  <PERSISTEDVIEW>AccountingVoucherView</PERSISTEDVIEW>
  <VCHGSTCLASS>Not Applicable</VCHGSTCLASS>
  <ISCOSTCENTRE>false</ISCOSTCENTRE>
  <ISINVOICE>false</ISINVOICE>
  <VOUCHERNUMBER>13</VOUCHERNUMBER>
  <ISOPTIONAL>false</ISOPTIONAL>
  <NARRATION>Interest paid for september month</NARRATION>
  <VOUCHERNUMBERSERIES>Default</VOUCHERNUMBERSERIES>
  <GSTREGISTRATION>Not Applicable</GSTREGISTRATION>
  <ISCANCELLED>false</ISCANCELLED>
  <OVRDNEWAYBILLAPPLICABILITY>false</OVRDNEWAYBILLAPPLICABILITY>
  <ALLLEDGERENTRIES.LIST>
   <INDEXNUMBER>1</INDEXNUMBER>
   <LEDGERNAME>Interest &amp; Others</LEDGERNAME>
   <VCHLEDGERTYPE>Others</VCHLEDGERTYPE>
   <ISDEEMEDPOSITIVE>true</ISDEEMEDPOSITIVE>
   <ISPARTYLEDGER>false</ISPARTYLEDGER>
   <AMOUNT>
    <AMOUNT>1250</AMOUNT>
    <CURRENCY>₹</CURRENCY>
    <FOREXSYMBOL>- * -</FOREXSYMBOL>
    <ISDEBIT>true</ISDEBIT>
   </AMOUNT>
  </ALLLEDGERENTRIES.LIST>
  <ALLLEDGERENTRIES.LIST>
   <INDEXNUMBER>2</INDEXNUMBER>
   <LEDGERNAME>Canara Bank</LEDGERNAME>
   <VCHLEDGERTYPE>Others</VCHLEDGERTYPE>
   <ISDEEMEDPOSITIVE>false</ISDEEMEDPOSITIVE>
   <ISPARTYLEDGER>true</ISPARTYLEDGER>
   <AMOUNT>
    <AMOUNT>1250</AMOUNT>
    <CURRENCY>₹</CURRENCY>
    <FOREXSYMBOL>- * -</FOREXSYMBOL>
    <ISDEBIT>false</ISDEBIT>
   </AMOUNT>
  </ALLLEDGERENTRIES.LIST>
 </VOUCHER>
 <VOUCHER>
  <GUID>52889497-5b6b-403d-8f83-224e3c7759b4-000011e5</GUID>
  <REMOTEALTGUID>52889497-5b6b-403d-8f83-224e3c7759b4</REMOTEALTGUID>
  <MASTERID>4581</MASTERID>
  <ALTERID>6837</ALTERID>
  <ENTEREDBY>A</ENTEREDBY>
  <DATE>2010-01-01</DATE>
  <EFFECTIVEDATE>2010-01-01</EFFECTIVEDATE>
  <VOUCHERTYPENAME>Payment</VOUCHERTYPENAME>
  <PERSISTEDVIEW>AccountingVoucherView</PERSISTEDVIEW>
  <VCHGSTCLASS>Not Applicable</VCHGSTCLASS>
  <ISCOSTCENTRE>false</ISCOSTCENTRE>
  <ISINVOICE>false</ISINVOICE>
  <VOUCHERNUMBER>14</VOUCHERNUMBER>
  <ISOPTIONAL>false</ISOPTIONAL>
  <NARRATION>VAT duty paid for november month</NARRATION>
  <VOUCHERNUMBERSERIES>Default</VOUCHERNUMBERSERIES>
  <GSTREGISTRATION>Not Applicable</GSTREGISTRATION>
  <ISCANCELLED>false</ISCANCELLED>
  <OVRDNEWAYBILLAPPLICABILITY>false</OVRDNEWAYBILLAPPLICABILITY>
  <ALLLEDGERENTRIES.LIST>
   <INDEXNUMBER>1</INDEXNUMBER>
   <LEDGERNAME>Output VAT @ 4%</LEDGERNAME>
   <LEDGERTAXTYPE>On VAT Rate</LEDGERTAXTYPE>
   <VCHLEDGERTYPE>VAT</VCHLEDGERTYPE>
   <ISDEEMEDPOSITIVE>true</ISDEEMEDPOSITIVE>
   <ISPARTYLEDGER>false</ISPARTYLEDGER>
   <AMOUNT>
    <AMOUNT>10000</AMOUNT>
    <CURRENCY>₹</CURRENCY>
    <FOREXSYMBOL>- * -</FOREXSYMBOL>
    <ISDEBIT>true</ISDEBIT>
   </AMOUNT>
  </ALLLEDGERENTRIES.LIST>
  <ALLLEDGERENTRIES.LIST>
   <INDEXNUMBER>2</INDEXNUMBER>
   <LEDGERNAME>Cash</LEDGERNAME>
   <VCHLEDGERTYPE>Others</VCHLEDGERTYPE>
   <ISDEEMEDPOSITIVE>false</ISDEEMEDPOSITIVE>
   <ISPARTYLEDGER>true</ISPARTYLEDGER>
   <AMOUNT>
    <AMOUNT>10000</AMOUNT>
    <CURRENCY>₹</CURRENCY>
    <FOREXSYMBOL>- * -</FOREXSYMBOL>
    <ISDEBIT>false</ISDEBIT>
   </AMOUNT>
  </ALLLEDGERENTRIES.LIST>
 </VOUCHER>
 <VOUCHER>
  <GUID>52889497-5b6b-403d-8f83-224e3c7759b4-000002f2</GUID>
  <REMOTEALTGUID>52889497-5b6b-403d-8f83-224e3c7759b4</REMOTEALTGUID>
  <MASTERID>754</MASTERID>
  <ALTERID>6839</ALTERID>
  <ENTEREDBY>A</ENTEREDBY>
  <DATE>2010-01-02</DATE>
  <EFFECTIVEDATE>2010-01-02</EFFECTIVEDATE>
  <VOUCHERTYPENAME>Payment</VOUCHERTYPENAME>
  <PERSISTEDVIEW>AccountingVoucherView</PERSISTEDVIEW>
  <VCHGSTCLASS>Not Applicable</VCHGSTCLASS>
  <ISCOSTCENTRE>false</ISCOSTCENTRE>
  <ISINVOICE>false</ISINVOICE>
  <VOUCHERNUMBER>15</VOUCHERNUMBER>
  <ISOPTIONAL>false</ISOPTIONAL>
  <NARRATION>Ch. No. :  303396      Being amount paid.</NARRATION>
  <VOUCHERNUMBERSERIES>Default</VOUCHERNUMBERSERIES>
  <GSTREGISTRATION>Not Applicable</GSTREGISTRATION>
  <ISCANCELLED>false</ISCANCELLED>
  <OVRDNEWAYBILLAPPLICABILITY>false</OVRDNEWAYBILLAPPLICABILITY>
  <ALLLEDGERENTRIES.LIST>
   <INDEXNUMBER>1</INDEXNUMBER>
   <LEDGERNAME>Top Computers</LEDGERNAME>
   <VCHLEDGERTYPE>Others</VCHLEDGERTYPE>
   <ISDEEMEDPOSITIVE>true</ISDEEMEDPOSITIVE>
   <ISPARTYLEDGER>true</ISPARTYLEDGER>
   <AMOUNT>
    <AMOUNT>100000</AMOUNT>
    <CURRENCY>₹</CURRENCY>
    <FOREXSYMBOL>- * -</FOREXSYMBOL>
    <ISDEBIT>true</ISDEBIT>
   </AMOUNT>
   <BILLALLOCATIONS.LIST>
    <BILLTYPE>NewRef</BILLTYPE>
    <NAME>TC/98</NAME>
    <BILLCREDITPERIOD>
     <DUEONDATE>2010-02-01</DUEONDATE>
     <INDAYS>30</INDAYS>
     <INTEXT>30 Days</INTEXT>
    </BILLCREDITPERIOD>
    <AMOUNT>
     <AMOUNT>100000</AMOUNT>
     <CURRENCY>₹</CURRENCY>
     <FOREXSYMBOL>- * -</FOREXSYMBOL>
     <ISDEBIT>true</ISDEBIT>
    </AMOUNT>
   </BILLALLOCATIONS.LIST>
  </ALLLEDGERENTRIES.LIST>
  <ALLLEDGERENTRIES.LIST>
   <INDEXNUMBER>2</INDEXNUMBER>
   <LEDGERNAME>Canara Bank</LEDGERNAME>
   <VCHLEDGERTYPE>Others</VCHLEDGERTYPE>
   <ISDEEMEDPOSITIVE>false</ISDEEMEDPOSITIVE>
   <ISPARTYLEDGER>true</ISPARTYLEDGER>
   <AMOUNT>
    <AMOUNT>100000</AMOUNT>
    <CURRENCY>₹</CURRENCY>
    <FOREXSYMBOL>- * -</FOREXSYMBOL>
    <ISDEBIT>false</ISDEBIT>
   </AMOUNT>
  </ALLLEDGERENTRIES.LIST>
 </VOUCHER>
 <VOUCHER>
  <GUID>52889497-5b6b-403d-8f83-224e3c7759b4-000011e6</GUID>
  <REMOTEALTGUID>52889497-5b6b-403d-8f83-224e3c7759b4</REMOTEALTGUID>
  <MASTERID>4582</MASTERID>
  <ALTERID>6840</ALTERID>
  <ENTEREDBY>A</ENTEREDBY>
  <DATE>2010-01-02</DATE>
  <EFFECTIVEDATE>2010-01-02</EFFECTIVEDATE>
  <VOUCHERTYPENAME>Payment</VOUCHERTYPENAME>
  <PERSISTEDVIEW>AccountingVoucherView</PERSISTEDVIEW>
  <VCHGSTCLASS>Not Applicable</VCHGSTCLASS>
  <ISCOSTCENTRE>false</ISCOSTCENTRE>
  <ISINVOICE>false</ISINVOICE>
  <VOUCHERNUMBER>16</VOUCHERNUMBER>
  <ISOPTIONAL>false</ISOPTIONAL>
  <NARRATION>Ch. No. :237842 January month instalment paid</NARRATION>
  <VOUCHERNUMBERSERIES>Default</VOUCHERNUMBERSERIES>
  <GSTREGISTRATION>Not Applicable</GSTREGISTRATION>
  <ISCANCELLED>false</ISCANCELLED>
  <OVRDNEWAYBILLAPPLICABILITY>false</OVRDNEWAYBILLAPPLICABILITY>
  <ALLLEDGERENTRIES.LIST>
   <INDEXNUMBER>1</INDEXNUMBER>
   <LEDGERNAME>Maruthi Bankers</LEDGERNAME>
   <VCHLEDGERTYPE>Others</VCHLEDGERTYPE>
   <ISDEEMEDPOSITIVE>true</ISDEEMEDPOSITIVE>
   <ISPARTYLEDGER>false</ISPARTYLEDGER>
   <AMOUNT>
    <AMOUNT>3000</AMOUNT>
    <CURRENCY>₹</CURRENCY>
    <FOREXSYMBOL>- * -</FOREXSYMBOL>
    <ISDEBIT>true</ISDEBIT>
   </AMOUNT>
   <BILLALLOCATIONS.LIST>
    <BILLTYPE>NewRef</BILLTYPE>
    <NAME>901</NAME>
    <AMOUNT>
     <AMOUNT>3000</AMOUNT>
     <CURRENCY>₹</CURRENCY>
     <FOREXSYMBOL>- * -</FOREXSYMBOL>
     <ISDEBIT>true</ISDEBIT>
    </AMOUNT>
   </BILLALLOCATIONS.LIST>
  </ALLLEDGERENTRIES.LIST>
  <ALLLEDGERENTRIES.LIST>
   <INDEXNUMBER>2</INDEXNUMBER>
   <LEDGERNAME>Canara Bank</LEDGERNAME>
   <VCHLEDGERTYPE>Others</VCHLEDGERTYPE>
   <ISDEEMEDPOSITIVE>false</ISDEEMEDPOSITIVE>
   <ISPARTYLEDGER>true</ISPARTYLEDGER>
   <AMOUNT>
    <AMOUNT>3000</AMOUNT>
    <CURRENCY>₹</CURRENCY>
    <FOREXSYMBOL>- * -</FOREXSYMBOL>
    <ISDEBIT>false</ISDEBIT>
   </AMOUNT>
  </ALLLEDGERENTRIES.LIST>
 </VOUCHER>
 <VOUCHER>
  <GUID>52889497-5b6b-403d-8f83-224e3c7759b4-000002f6</GUID>
  <REMOTEALTGUID>52889497-5b6b-403d-8f83-224e3c7759b4</REMOTEALTGUID>
  <MASTERID>758</MASTERID>
  <ALTERID>6845</ALTERID>
  <ENTEREDBY>A</ENTEREDBY>
  <DATE>2010-01-05</DATE>
  <EFFECTIVEDATE>2010-01-05</EFFECTIVEDATE>
  <VOUCHERTYPENAME>Payment</VOUCHERTYPENAME>
  <PERSISTEDVIEW>AccountingVoucherView</PERSISTEDVIEW>
  <VCHGSTCLASS>Not Applicable</VCHGSTCLASS>
  <ISCOSTCENTRE>false</ISCOSTCENTRE>
  <ISINVOICE>false</ISINVOICE>
  <VOUCHERNUMBER>17</VOUCHERNUMBER>
  <ISOPTIONAL>false</ISOPTIONAL>
  <NARRATION>Ch. No. :  1000193 paid to Prime Ministers Relief Fund towards Tsnuami Relief works</NARRATION>
  <VOUCHERNUMBERSERIES>Default</VOUCHERNUMBERSERIES>
  <GSTREGISTRATION>Not Applicable</GSTREGISTRATION>
  <ISCANCELLED>false</ISCANCELLED>
  <OVRDNEWAYBILLAPPLICABILITY>false</OVRDNEWAYBILLAPPLICABILITY>
  <ALLLEDGERENTRIES.LIST>
   <INDEXNUMBER>1</INDEXNUMBER>
   <LEDGERNAME>Donations</LEDGERNAME>
   <VCHLEDGERTYPE>Others</VCHLEDGERTYPE>
   <ISDEEMEDPOSITIVE>true</ISDEEMEDPOSITIVE>
   <ISPARTYLEDGER>false</ISPARTYLEDGER>
   <AMOUNT>
    <AMOUNT>5000</AMOUNT>
    <CURRENCY>₹</CURRENCY>
    <FOREXSYMBOL>- * -</FOREXSYMBOL>
    <ISDEBIT>true</ISDEBIT>
   </AMOUNT>
  </ALLLEDGERENTRIES.LIST>
  <ALLLEDGERENTRIES.LIST>
   <INDEXNUMBER>2</INDEXNUMBER>
   <LEDGERNAME>HDFC Bank</LEDGERNAME>
   <VCHLEDGERTYPE>Others</VCHLEDGERTYPE>
   <ISDEEMEDPOSITIVE>false</ISDEEMEDPOSITIVE>
   <ISPARTYLEDGER>true</ISPARTYLEDGER>
   <AMOUNT>
    <AMOUNT>5000</AMOUNT>
    <CURRENCY>₹</CURRENCY>
    <FOREXSYMBOL>- * -</FOREXSYMBOL>
    <ISDEBIT>false</ISDEBIT>
   </AMOUNT>
  </ALLLEDGERENTRIES.LIST>
 </VOUCHER>
 <VOUCHER>
  <GUID>52889497-5b6b-403d-8f83-224e3c7759b4-000002f7</GUID>
  <REMOTEALTGUID>52889497-5b6b-403d-8f83-224e3c7759b4</REMOTEALTGUID>
  <MASTERID>759</MASTERID>
  <ALTERID>6846</ALTERID>
  <ENTEREDBY>A</ENTEREDBY>
  <DATE>2010-01-05</DATE>
  <EFFECTIVEDATE>2010-01-05</EFFECTIVEDATE>
  <VOUCHERTYPENAME>Payment</VOUCHERTYPENAME>
  <PERSISTEDVIEW>AccountingVoucherView</PERSISTEDVIEW>
  <VCHGSTCLASS>Not Applicable</VCHGSTCLASS>
  <ISCOSTCENTRE>false</ISCOSTCENTRE>
  <ISINVOICE>false</ISINVOICE>
  <VOUCHERNUMBER>18</VOUCHERNUMBER>
  <ISOPTIONAL>false</ISOPTIONAL>
  <NARRATION>Ch. No. : 1000194    Being Amount paid.</NARRATION>
  <PARTYNAME>Challenger Systems</PARTYNAME>
  <VOUCHERNUMBERSERIES>Default</VOUCHERNUMBERSERIES>
  <GSTREGISTRATION>Not Applicable</GSTREGISTRATION>
  <BASICBUYERNAME>Global Enterprises</BASICBUYERNAME>
  <ISCANCELLED>false</ISCANCELLED>
  <OVRDNEWAYBILLAPPLICABILITY>false</OVRDNEWAYBILLAPPLICABILITY>
  <ALLLEDGERENTRIES.LIST>
   <INDEXNUMBER>1</INDEXNUMBER>
   <LEDGERNAME>Infinite Infosolutions</LEDGERNAME>
   <VCHLEDGERTYPE>Others</VCHLEDGERTYPE>
   <ISDEEMEDPOSITIVE>true</ISDEEMEDPOSITIVE>
   <ISPARTYLEDGER>true</ISPARTYLEDGER>
   <AMOUNT>
    <AMOUNT>100000</AMOUNT>
    <CURRENCY>₹</CURRENCY>
    <FOREXSYMBOL>- * -</FOREXSYMBOL>
    <ISDEBIT>true</ISDEBIT>
   </AMOUNT>
   <BILLALLOCATIONS.LIST>
    <BILLTYPE>NewRef</BILLTYPE>
    <NAME>GE/017</NAME>
    <BILLCREDITPERIOD>
     <DUEONDATE>2010-02-04</DUEONDATE>
     <INDAYS>30</INDAYS>
     <INTEXT>30 Days</INTEXT>
    </BILLCREDITPERIOD>
    <AMOUNT>
     <AMOUNT>100000</AMOUNT>
     <CURRENCY>₹</CURRENCY>
     <FOREXSYMBOL>- * -</FOREXSYMBOL>
     <ISDEBIT>true</ISDEBIT>
    </AMOUNT>
   </BILLALLOCATIONS.LIST>
  </ALLLEDGERENTRIES.LIST>
  <ALLLEDGERENTRIES.LIST>
   <INDEXNUMBER>2</INDEXNUMBER>
   <LEDGERNAME>HDFC Bank</LEDGERNAME>
   <VCHLEDGERTYPE>Others</VCHLEDGERTYPE>
   <ISDEEMEDPOSITIVE>false</ISDEEMEDPOSITIVE>
   <ISPARTYLEDGER>true</ISPARTYLEDGER>
   <AMOUNT>
    <AMOUNT>100000</AMOUNT>
    <CURRENCY>₹</CURRENCY>
    <FOREXSYMBOL>- * -</FOREXSYMBOL>
    <ISDEBIT>false</ISDEBIT>
   </AMOUNT>
  </ALLLEDGERENTRIES.LIST>
 </VOUCHER>
 <VOUCHER>
  <GUID>52889497-5b6b-403d-8f83-224e3c7759b4-000002f8</GUID>
  <REMOTEALTGUID>52889497-5b6b-403d-8f83-224e3c7759b4</REMOTEALTGUID>
  <MASTERID>760</MASTERID>
  <ALTERID>6847</ALTERID>
  <ENTEREDBY>A</ENTEREDBY>
  <DATE>2010-01-05</DATE>
  <EFFECTIVEDATE>2010-01-05</EFFECTIVEDATE>
  <VOUCHERTYPENAME>Payment</VOUCHERTYPENAME>
  <PERSISTEDVIEW>AccountingVoucherView</PERSISTEDVIEW>
  <VCHGSTCLASS>Not Applicable</VCHGSTCLASS>
  <ISCOSTCENTRE>false</ISCOSTCENTRE>
  <ISINVOICE>false</ISINVOICE>
  <VOUCHERNUMBER>19</VOUCHERNUMBER>
  <ISOPTIONAL>false</ISOPTIONAL>
  <NARRATION>Ch. No. :</NARRATION>
  <VOUCHERNUMBERSERIES>Default</VOUCHERNUMBERSERIES>
  <GSTREGISTRATION>Not Applicable</GSTREGISTRATION>
  <ISCANCELLED>false</ISCANCELLED>
  <OVRDNEWAYBILLAPPLICABILITY>false</OVRDNEWAYBILLAPPLICABILITY>
  <ALLLEDGERENTRIES.LIST>
   <INDEXNUMBER>1</INDEXNUMBER>
   <LEDGERNAME>VAT Payable</LEDGERNAME>
   <LEDGERTAXTYPE>On VAT Rate</LEDGERTAXTYPE>
   <VCHLEDGERTYPE>VAT</VCHLEDGERTYPE>
   <ISDEEMEDPOSITIVE>true</ISDEEMEDPOSITIVE>
   <ISPARTYLEDGER>false</ISPARTYLEDGER>
   <AMOUNT>
    <AMOUNT>26303.55</AMOUNT>
    <CURRENCY>₹</CURRENCY>
    <FOREXSYMBOL>- * -</FOREXSYMBOL>
    <ISDEBIT>true</ISDEBIT>
   </AMOUNT>
  </ALLLEDGERENTRIES.LIST>
  <ALLLEDGERENTRIES.LIST>
   <INDEXNUMBER>2</INDEXNUMBER>
   <LEDGERNAME>Canara Bank</LEDGERNAME>
   <VCHLEDGERTYPE>Others</VCHLEDGERTYPE>
   <ISDEEMEDPOSITIVE>false</ISDEEMEDPOSITIVE>
   <ISPARTYLEDGER>true</ISPARTYLEDGER>
   <AMOUNT>
    <AMOUNT>26303.55</AMOUNT>
    <CURRENCY>₹</CURRENCY>
    <FOREXSYMBOL>- * -</FOREXSYMBOL>
    <ISDEBIT>false</ISDEBIT>
   </AMOUNT>
  </ALLLEDGERENTRIES.LIST>
 </VOUCHER>
 <VOUCHER>
  <GUID>52889497-5b6b-403d-8f83-224e3c7759b4-000002f9</GUID>
  <REMOTEALTGUID>52889497-5b6b-403d-8f83-224e3c7759b4</REMOTEALTGUID>
  <MASTERID>761</MASTERID>
  <ALTERID>6848</ALTERID>
  <ENTEREDBY>A</ENTEREDBY>
  <DATE>2010-01-06</DATE>
  <EFFECTIVEDATE>2010-01-06</EFFECTIVEDATE>
  <VOUCHERTYPENAME>Payment</VOUCHERTYPENAME>
  <PERSISTEDVIEW>AccountingVoucherView</PERSISTEDVIEW>
  <VCHGSTCLASS>Not Applicable</VCHGSTCLASS>
  <ISCOSTCENTRE>false</ISCOSTCENTRE>
  <ISINVOICE>false</ISINVOICE>
  <VOUCHERNUMBER>20</VOUCHERNUMBER>
  <ISOPTIONAL>false</ISOPTIONAL>
  <NARRATION>paid for tea, coffee supplied during dec 2007</NARRATION>
  <VOUCHERNUMBERSERIES>Default</VOUCHERNUMBERSERIES>
  <GSTREGISTRATION>Not Applicable</GSTREGISTRATION>
  <ISCANCELLED>false</ISCANCELLED>
  <OVRDNEWAYBILLAPPLICABILITY>false</OVRDNEWAYBILLAPPLICABILITY>
  <ALLLEDGERENTRIES.LIST>
   <INDEXNUMBER>1</INDEXNUMBER>
   <LEDGERNAME>Staff Welfare Expenses</LEDGERNAME>
   <VCHLEDGERTYPE>Others</VCHLEDGERTYPE>
   <ISDEEMEDPOSITIVE>true</ISDEEMEDPOSITIVE>
   <ISPARTYLEDGER>false</ISPARTYLEDGER>
   <AMOUNT>
    <AMOUNT>407</AMOUNT>
    <CURRENCY>₹</CURRENCY>
    <FOREXSYMBOL>- * -</FOREXSYMBOL>
    <ISDEBIT>true</ISDEBIT>
   </AMOUNT>
  </ALLLEDGERENTRIES.LIST>
  <ALLLEDGERENTRIES.LIST>
   <INDEXNUMBER>2</INDEXNUMBER>
   <LEDGERNAME>Cash</LEDGERNAME>
   <VCHLEDGERTYPE>Others</VCHLEDGERTYPE>
   <ISDEEMEDPOSITIVE>false</ISDEEMEDPOSITIVE>
   <ISPARTYLEDGER>true</ISPARTYLEDGER>
   <AMOUNT>
    <AMOUNT>407</AMOUNT>
    <CURRENCY>₹</CURRENCY>
    <FOREXSYMBOL>- * -</FOREXSYMBOL>
    <ISDEBIT>false</ISDEBIT>
   </AMOUNT>
  </ALLLEDGERENTRIES.LIST>
 </VOUCHER>
 <VOUCHER>
  <GUID>52889497-5b6b-403d-8f83-224e3c7759b4-000011e9</GUID>
  <REMOTEALTGUID>52889497-5b6b-403d-8f83-224e3c7759b4</REMOTEALTGUID>
  <MASTERID>4585</MASTERID>
  <ALTERID>6849</ALTERID>
  <ENTEREDBY>A</ENTEREDBY>
  <DATE>2010-01-06</DATE>
  <EFFECTIVEDATE>2010-01-06</EFFECTIVEDATE>
  <VOUCHERTYPENAME>Payment</VOUCHERTYPENAME>
  <PERSISTEDVIEW>AccountingVoucherView</PERSISTEDVIEW>
  <VCHGSTCLASS>Not Applicable</VCHGSTCLASS>
  <ISCOSTCENTRE>false</ISCOSTCENTRE>
  <ISINVOICE>false</ISINVOICE>
  <VOUCHERNUMBER>21</VOUCHERNUMBER>
  <ISOPTIONAL>false</ISOPTIONAL>
  <NARRATION>January 2008  instalment paid</NARRATION>
  <VOUCHERNUMBERSERIES>Default</VOUCHERNUMBERSERIES>
  <GSTREGISTRATION>Not Applicable</GSTREGISTRATION>
  <ISCANCELLED>false</ISCANCELLED>
  <OVRDNEWAYBILLAPPLICABILITY>false</OVRDNEWAYBILLAPPLICABILITY>
  <ALLLEDGERENTRIES.LIST>
   <INDEXNUMBER>1</INDEXNUMBER>
   <LEDGERNAME>Sri Vari Financiers</LEDGERNAME>
   <VCHLEDGERTYPE>Others</VCHLEDGERTYPE>
   <ISDEEMEDPOSITIVE>true</ISDEEMEDPOSITIVE>
   <ISPARTYLEDGER>false</ISPARTYLEDGER>
   <AMOUNT>
    <AMOUNT>7500</AMOUNT>
    <CURRENCY>₹</CURRENCY>
    <FOREXSYMBOL>- * -</FOREXSYMBOL>
    <ISDEBIT>true</ISDEBIT>
   </AMOUNT>
   <BILLALLOCATIONS.LIST>
    <BILLTYPE>NewRef</BILLTYPE>
    <NAME>903</NAME>
    <AMOUNT>
     <AMOUNT>7500</AMOUNT>
     <CURRENCY>₹</CURRENCY>
     <FOREXSYMBOL>- * -</FOREXSYMBOL>
     <ISDEBIT>true</ISDEBIT>
    </AMOUNT>
   </BILLALLOCATIONS.LIST>
  </ALLLEDGERENTRIES.LIST>
  <ALLLEDGERENTRIES.LIST>
   <INDEXNUMBER>2</INDEXNUMBER>
   <LEDGERNAME>Canara Bank</LEDGERNAME>
   <VCHLEDGERTYPE>Others</VCHLEDGERTYPE>
   <ISDEEMEDPOSITIVE>false</ISDEEMEDPOSITIVE>
   <ISPARTYLEDGER>true</ISPARTYLEDGER>
   <AMOUNT>
    <AMOUNT>7500</AMOUNT>
    <CURRENCY>₹</CURRENCY>
    <FOREXSYMBOL>- * -</FOREXSYMBOL>
    <ISDEBIT>false</ISDEBIT>
   </AMOUNT>
  </ALLLEDGERENTRIES.LIST>
 </VOUCHER>
 <VOUCHER>
  <GUID>52889497-5b6b-403d-8f83-224e3c7759b4-000002fe</GUID>
  <REMOTEALTGUID>52889497-5b6b-403d-8f83-224e3c7759b4</REMOTEALTGUID>
  <MASTERID>766</MASTERID>
  <ALTERID>6853</ALTERID>
  <ENTEREDBY>A</ENTEREDBY>
  <DATE>2010-01-08</DATE>
  <EFFECTIVEDATE>2010-01-08</EFFECTIVEDATE>
  <VOUCHERTYPENAME>Payment</VOUCHERTYPENAME>
  <PERSISTEDVIEW>AccountingVoucherView</PERSISTEDVIEW>
  <VCHGSTCLASS>Not Applicable</VCHGSTCLASS>
  <ISCOSTCENTRE>false</ISCOSTCENTRE>
  <ISINVOICE>false</ISINVOICE>
  <VOUCHERNUMBER>22</VOUCHERNUMBER>
  <ISOPTIONAL>false</ISOPTIONAL>
  <NARRATION>Ch. No. :  1000195 Being Amount towards transportation charges delivery of materials to customer place.</NARRATION>
  <VOUCHERNUMBERSERIES>Default</VOUCHERNUMBERSERIES>
  <GSTREGISTRATION>Not Applicable</GSTREGISTRATION>
  <ISCANCELLED>false</ISCANCELLED>
  <OVRDNEWAYBILLAPPLICABILITY>false</OVRDNEWAYBILLAPPLICABILITY>
  <ALLLEDGERENTRIES.LIST>
   <INDEXNUMBER>1</INDEXNUMBER>
   <LEDGERNAME>Jet Roadways (P) Ltd.,</LEDGERNAME>
   <VCHLEDGERTYPE>Others</VCHLEDGERTYPE>
   <ISDEEMEDPOSITIVE>true</ISDEEMEDPOSITIVE>
   <ISPARTYLEDGER>true</ISPARTYLEDGER>
   <AMOUNT>
    <AMOUNT>5000</AMOUNT>
    <CURRENCY>₹</CURRENCY>
    <FOREXSYMBOL>- * -</FOREXSYMBOL>
    <ISDEBIT>true</ISDEBIT>
   </AMOUNT>
   <BILLALLOCATIONS.LIST>
    <BILLTYPE>NewRef</BILLTYPE>
    <NAME>816</NAME>
    <AMOUNT>
     <AMOUNT>5000</AMOUNT>
     <CURRENCY>₹</CURRENCY>
     <FOREXSYMBOL>- * -</FOREXSYMBOL>
     <ISDEBIT>true</ISDEBIT>
    </AMOUNT>
   </BILLALLOCATIONS.LIST>
  </ALLLEDGERENTRIES.LIST>
  <ALLLEDGERENTRIES.LIST>
   <INDEXNUMBER>2</INDEXNUMBER>
   <LEDGERNAME>HDFC Bank</LEDGERNAME>
   <VCHLEDGERTYPE>Others</VCHLEDGERTYPE>
   <ISDEEMEDPOSITIVE>false</ISDEEMEDPOSITIVE>
   <ISPARTYLEDGER>true</ISPARTYLEDGER>
   <AMOUNT>
    <AMOUNT>5000</AMOUNT>
    <CURRENCY>₹</CURRENCY>
    <FOREXSYMBOL>- * -</FOREXSYMBOL>
    <ISDEBIT>false</ISDEBIT>
   </AMOUNT>
  </ALLLEDGERENTRIES.LIST>
 </VOUCHER>
 <VOUCHER>
  <GUID>52889497-5b6b-403d-8f83-224e3c7759b4-00000304</GUID>
  <REMOTEALTGUID>52889497-5b6b-403d-8f83-224e3c7759b4</REMOTEALTGUID>
  <MASTERID>772</MASTERID>
  <ALTERID>6858</ALTERID>
  <ENTEREDBY>A</ENTEREDBY>
  <DATE>2010-01-10</DATE>
  <EFFECTIVEDATE>2010-01-10</EFFECTIVEDATE>
  <VOUCHERTYPENAME>Payment</VOUCHERTYPENAME>
  <PERSISTEDVIEW>AccountingVoucherView</PERSISTEDVIEW>
  <VCHGSTCLASS>Not Applicable</VCHGSTCLASS>
  <ISCOSTCENTRE>false</ISCOSTCENTRE>
  <ISINVOICE>false</ISINVOICE>
  <VOUCHERNUMBER>23</VOUCHERNUMBER>
  <ISOPTIONAL>false</ISOPTIONAL>
  <NARRATION>Ch. No. :   303397 Being Amount paid towards Dec month fuel charges.</NARRATION>
  <VOUCHERNUMBERSERIES>Default</VOUCHERNUMBERSERIES>
  <GSTREGISTRATION>Not Applicable</GSTREGISTRATION>
  <ISCANCELLED>false</ISCANCELLED>
  <OVRDNEWAYBILLAPPLICABILITY>false</OVRDNEWAYBILLAPPLICABILITY>
  <ALLLEDGERENTRIES.LIST>
   <INDEXNUMBER>1</INDEXNUMBER>
   <LEDGERNAME>Bharat Petroleum</LEDGERNAME>
   <VCHLEDGERTYPE>Others</VCHLEDGERTYPE>
   <ISDEEMEDPOSITIVE>true</ISDEEMEDPOSITIVE>
   <ISPARTYLEDGER>true</ISPARTYLEDGER>
   <AMOUNT>
    <AMOUNT>4120</AMOUNT>
    <CURRENCY>₹</CURRENCY>
    <FOREXSYMBOL>- * -</FOREXSYMBOL>
    <ISDEBIT>true</ISDEBIT>
   </AMOUNT>
   <BILLALLOCATIONS.LIST>
    <BILLTYPE>NewRef</BILLTYPE>
    <NAME>2899</NAME>
    <AMOUNT>
     <AMOUNT>4120</AMOUNT>
     <CURRENCY>₹</CURRENCY>
     <FOREXSYMBOL>- * -</FOREXSYMBOL>
     <ISDEBIT>true</ISDEBIT>
    </AMOUNT>
   </BILLALLOCATIONS.LIST>
  </ALLLEDGERENTRIES.LIST>
  <ALLLEDGERENTRIES.LIST>
   <INDEXNUMBER>2</INDEXNUMBER>
   <LEDGERNAME>Canara Bank</LEDGERNAME>
   <VCHLEDGERTYPE>Others</VCHLEDGERTYPE>
   <ISDEEMEDPOSITIVE>false</ISDEEMEDPOSITIVE>
   <ISPARTYLEDGER>true</ISPARTYLEDGER>
   <AMOUNT>
    <AMOUNT>4120</AMOUNT>
    <CURRENCY>₹</CURRENCY>
    <FOREXSYMBOL>- * -</FOREXSYMBOL>
    <ISDEBIT>false</ISDEBIT>
   </AMOUNT>
  </ALLLEDGERENTRIES.LIST>
 </VOUCHER>
 <VOUCHER>
  <GUID>52889497-5b6b-403d-8f83-224e3c7759b4-0000030c</GUID>
  <REMOTEALTGUID>52889497-5b6b-403d-8f83-224e3c7759b4</REMOTEALTGUID>
  <MASTERID>780</MASTERID>
  <ALTERID>6869</ALTERID>
  <ENTEREDBY>A</ENTEREDBY>
  <DATE>2010-01-12</DATE>
  <EFFECTIVEDATE>2010-01-12</EFFECTIVEDATE>
  <VOUCHERTYPENAME>Payment</VOUCHERTYPENAME>
  <PERSISTEDVIEW>AccountingVoucherView</PERSISTEDVIEW>
  <VCHGSTCLASS>Not Applicable</VCHGSTCLASS>
  <ISCOSTCENTRE>false</ISCOSTCENTRE>
  <ISINVOICE>false</ISINVOICE>
  <VOUCHERNUMBER>24</VOUCHERNUMBER>
  <ISOPTIONAL>false</ISOPTIONAL>
  <NARRATION>car hire charges for local csutomer visit</NARRATION>
  <VOUCHERNUMBERSERIES>Default</VOUCHERNUMBERSERIES>
  <GSTREGISTRATION>Not Applicable</GSTREGISTRATION>
  <ISCANCELLED>false</ISCANCELLED>
  <OVRDNEWAYBILLAPPLICABILITY>false</OVRDNEWAYBILLAPPLICABILITY>
  <ALLLEDGERENTRIES.LIST>
   <INDEXNUMBER>1</INDEXNUMBER>
   <LEDGERNAME>Travelling &amp; Conveyance</LEDGERNAME>
   <VCHLEDGERTYPE>Others</VCHLEDGERTYPE>
   <ISDEEMEDPOSITIVE>true</ISDEEMEDPOSITIVE>
   <ISPARTYLEDGER>false</ISPARTYLEDGER>
   <AMOUNT>
    <AMOUNT>1332</AMOUNT>
    <CURRENCY>₹</CURRENCY>
    <FOREXSYMBOL>- * -</FOREXSYMBOL>
    <ISDEBIT>true</ISDEBIT>
   </AMOUNT>
  </ALLLEDGERENTRIES.LIST>
  <ALLLEDGERENTRIES.LIST>
   <INDEXNUMBER>2</INDEXNUMBER>
   <LEDGERNAME>Cash</LEDGERNAME>
   <VCHLEDGERTYPE>Others</VCHLEDGERTYPE>
   <ISDEEMEDPOSITIVE>false</ISDEEMEDPOSITIVE>
   <ISPARTYLEDGER>true</ISPARTYLEDGER>
   <AMOUNT>
    <AMOUNT>1332</AMOUNT>
    <CURRENCY>₹</CURRENCY>
    <FOREXSYMBOL>- * -</FOREXSYMBOL>
    <ISDEBIT>false</ISDEBIT>
   </AMOUNT>
  </ALLLEDGERENTRIES.LIST>
 </VOUCHER>
 <VOUCHER>
  <GUID>52889497-5b6b-403d-8f83-224e3c7759b4-0000030e</GUID>
  <REMOTEALTGUID>52889497-5b6b-403d-8f83-224e3c7759b4</REMOTEALTGUID>
  <MASTERID>782</MASTERID>
  <ALTERID>6871</ALTERID>
  <ENTEREDBY>A</ENTEREDBY>
  <DATE>2010-01-13</DATE>
  <EFFECTIVEDATE>2010-01-13</EFFECTIVEDATE>
  <VOUCHERTYPENAME>Payment</VOUCHERTYPENAME>
  <PERSISTEDVIEW>AccountingVoucherView</PERSISTEDVIEW>
  <VCHGSTCLASS>Not Applicable</VCHGSTCLASS>
  <ISCOSTCENTRE>false</ISCOSTCENTRE>
  <ISINVOICE>false</ISINVOICE>
  <VOUCHERNUMBER>25</VOUCHERNUMBER>
  <ISOPTIONAL>false</ISOPTIONAL>
  <NARRATION>Being payment made to New buzz traders for invoice no. NBT/INV/022  on 13.1.2007</NARRATION>
  <VOUCHERNUMBERSERIES>Default</VOUCHERNUMBERSERIES>
  <GSTREGISTRATION>Not Applicable</GSTREGISTRATION>
  <ISCANCELLED>false</ISCANCELLED>
  <OVRDNEWAYBILLAPPLICABILITY>false</OVRDNEWAYBILLAPPLICABILITY>
  <ALLLEDGERENTRIES.LIST>
   <INDEXNUMBER>1</INDEXNUMBER>
   <LEDGERNAME>New Buzz Traders</LEDGERNAME>
   <VCHLEDGERTYPE>Others</VCHLEDGERTYPE>
   <ISDEEMEDPOSITIVE>true</ISDEEMEDPOSITIVE>
   <ISPARTYLEDGER>true</ISPARTYLEDGER>
   <AMOUNT>
    <AMOUNT>3380</AMOUNT>
    <CURRENCY>₹</CURRENCY>
    <FOREXSYMBOL>- * -</FOREXSYMBOL>
    <ISDEBIT>true</ISDEBIT>
   </AMOUNT>
   <BILLALLOCATIONS.LIST>
    <BILLTYPE>AgstRef</BILLTYPE>
    <NAME>NBT/INV/022</NAME>
    <BILLCREDITPERIOD>
     <DUEONDATE>2010-01-25</DUEONDATE>
     <INDAYS>15</INDAYS>
     <INTEXT>15 Days</INTEXT>
    </BILLCREDITPERIOD>
    <AMOUNT>
     <AMOUNT>3380</AMOUNT>
     <CURRENCY>₹</CURRENCY>
     <FOREXSYMBOL>- * -</FOREXSYMBOL>
     <ISDEBIT>true</ISDEBIT>
    </AMOUNT>
   </BILLALLOCATIONS.LIST>
  </ALLLEDGERENTRIES.LIST>
  <ALLLEDGERENTRIES.LIST>
   <INDEXNUMBER>2</INDEXNUMBER>
   <LEDGERNAME>Cash</LEDGERNAME>
   <VCHLEDGERTYPE>Others</VCHLEDGERTYPE>
   <ISDEEMEDPOSITIVE>false</ISDEEMEDPOSITIVE>
   <ISPARTYLEDGER>true</ISPARTYLEDGER>
   <AMOUNT>
    <AMOUNT>3380</AMOUNT>
    <CURRENCY>₹</CURRENCY>
    <FOREXSYMBOL>- * -</FOREXSYMBOL>
    <ISDEBIT>false</ISDEBIT>
   </AMOUNT>
  </ALLLEDGERENTRIES.LIST>
 </VOUCHER>
 <VOUCHER>
  <GUID>52889497-5b6b-403d-8f83-224e3c7759b4-00000310</GUID>
  <REMOTEALTGUID>52889497-5b6b-403d-8f83-224e3c7759b4</REMOTEALTGUID>
  <MASTERID>784</MASTERID>
  <ALTERID>6873</ALTERID>
  <ENTEREDBY>A</ENTEREDBY>
  <DATE>2010-01-14</DATE>
  <EFFECTIVEDATE>2010-01-14</EFFECTIVEDATE>
  <VOUCHERTYPENAME>Payment</VOUCHERTYPENAME>
  <PERSISTEDVIEW>AccountingVoucherView</PERSISTEDVIEW>
  <VCHGSTCLASS>Not Applicable</VCHGSTCLASS>
  <ISCOSTCENTRE>false</ISCOSTCENTRE>
  <ISINVOICE>false</ISINVOICE>
  <VOUCHERNUMBER>26</VOUCHERNUMBER>
  <ISOPTIONAL>false</ISOPTIONAL>
  <NARRATION>Ch. No. :303399 dt 14.1.2008 paid to top computers for bill no. TC/INV/053</NARRATION>
  <VOUCHERNUMBERSERIES>Default</VOUCHERNUMBERSERIES>
  <GSTREGISTRATION>Not Applicable</GSTREGISTRATION>
  <ISCANCELLED>false</ISCANCELLED>
  <OVRDNEWAYBILLAPPLICABILITY>false</OVRDNEWAYBILLAPPLICABILITY>
  <ALLLEDGERENTRIES.LIST>
   <INDEXNUMBER>1</INDEXNUMBER>
   <LEDGERNAME>Top Computers</LEDGERNAME>
   <VCHLEDGERTYPE>Others</VCHLEDGERTYPE>
   <ISDEEMEDPOSITIVE>true</ISDEEMEDPOSITIVE>
   <ISPARTYLEDGER>true</ISPARTYLEDGER>
   <AMOUNT>
    <AMOUNT>34650</AMOUNT>
    <CURRENCY>₹</CURRENCY>
    <FOREXSYMBOL>- * -</FOREXSYMBOL>
    <ISDEBIT>true</ISDEBIT>
   </AMOUNT>
   <BILLALLOCATIONS.LIST>
    <BILLTYPE>AgstRef</BILLTYPE>
    <NAME>TC/INV/053</NAME>
    <BILLCREDITPERIOD>
     <DUEONDATE>2010-02-12</DUEONDATE>
     <INDAYS>30</INDAYS>
     <INTEXT>30 Days</INTEXT>
    </BILLCREDITPERIOD>
    <AMOUNT>
     <AMOUNT>34650</AMOUNT>
     <CURRENCY>₹</CURRENCY>
     <FOREXSYMBOL>- * -</FOREXSYMBOL>
     <ISDEBIT>true</ISDEBIT>
    </AMOUNT>
   </BILLALLOCATIONS.LIST>
  </ALLLEDGERENTRIES.LIST>
  <ALLLEDGERENTRIES.LIST>
   <INDEXNUMBER>2</INDEXNUMBER>
   <LEDGERNAME>Canara Bank</LEDGERNAME>
   <VCHLEDGERTYPE>Others</VCHLEDGERTYPE>
   <ISDEEMEDPOSITIVE>false</ISDEEMEDPOSITIVE>
   <ISPARTYLEDGER>true</ISPARTYLEDGER>
   <AMOUNT>
    <AMOUNT>34650</AMOUNT>
    <CURRENCY>₹</CURRENCY>
    <FOREXSYMBOL>- * -</FOREXSYMBOL>
    <ISDEBIT>false</ISDEBIT>
   </AMOUNT>
  </ALLLEDGERENTRIES.LIST>
 </VOUCHER>
 <VOUCHER>
  <GUID>52889497-5b6b-403d-8f83-224e3c7759b4-00000315</GUID>
  <REMOTEALTGUID>52889497-5b6b-403d-8f83-224e3c7759b4</REMOTEALTGUID>
  <MASTERID>789</MASTERID>
  <ALTERID>6877</ALTERID>
  <ENTEREDBY>A</ENTEREDBY>
  <DATE>2010-01-15</DATE>
  <EFFECTIVEDATE>2010-01-15</EFFECTIVEDATE>
  <VOUCHERTYPENAME>Payment</VOUCHERTYPENAME>
  <PERSISTEDVIEW>AccountingVoucherView</PERSISTEDVIEW>
  <VCHGSTCLASS>Not Applicable</VCHGSTCLASS>
  <ISCOSTCENTRE>false</ISCOSTCENTRE>
  <ISINVOICE>false</ISINVOICE>
  <VOUCHERNUMBER>27</VOUCHERNUMBER>
  <ISOPTIONAL>false</ISOPTIONAL>
  <NARRATION>salary paid to watchman for the month of december 2007</NARRATION>
  <VOUCHERNUMBERSERIES>Default</VOUCHERNUMBERSERIES>
  <GSTREGISTRATION>Not Applicable</GSTREGISTRATION>
  <ISCANCELLED>false</ISCANCELLED>
  <OVRDNEWAYBILLAPPLICABILITY>false</OVRDNEWAYBILLAPPLICABILITY>
  <ALLLEDGERENTRIES.LIST>
   <INDEXNUMBER>1</INDEXNUMBER>
   <LEDGERNAME>Repairs &amp; Maintenance - Buildings</LEDGERNAME>
   <VCHLEDGERTYPE>Others</VCHLEDGERTYPE>
   <ISDEEMEDPOSITIVE>true</ISDEEMEDPOSITIVE>
   <ISPARTYLEDGER>false</ISPARTYLEDGER>
   <AMOUNT>
    <AMOUNT>300</AMOUNT>
    <CURRENCY>₹</CURRENCY>
    <FOREXSYMBOL>- * -</FOREXSYMBOL>
    <ISDEBIT>true</ISDEBIT>
   </AMOUNT>
  </ALLLEDGERENTRIES.LIST>
  <ALLLEDGERENTRIES.LIST>
   <INDEXNUMBER>2</INDEXNUMBER>
   <LEDGERNAME>Cash</LEDGERNAME>
   <VCHLEDGERTYPE>Others</VCHLEDGERTYPE>
   <ISDEEMEDPOSITIVE>false</ISDEEMEDPOSITIVE>
   <ISPARTYLEDGER>true</ISPARTYLEDGER>
   <AMOUNT>
    <AMOUNT>300</AMOUNT>
    <CURRENCY>₹</CURRENCY>
    <FOREXSYMBOL>- * -</FOREXSYMBOL>
    <ISDEBIT>false</ISDEBIT>
   </AMOUNT>
  </ALLLEDGERENTRIES.LIST>
 </VOUCHER>
 <VOUCHER>
  <GUID>52889497-5b6b-403d-8f83-224e3c7759b4-00000316</GUID>
  <REMOTEALTGUID>52889497-5b6b-403d-8f83-224e3c7759b4</REMOTEALTGUID>
  <MASTERID>790</MASTERID>
  <ALTERID>6878</ALTERID>
  <ENTEREDBY>A</ENTEREDBY>
  <DATE>2010-01-15</DATE>
  <EFFECTIVEDATE>2010-01-15</EFFECTIVEDATE>
  <VOUCHERTYPENAME>Payment</VOUCHERTYPENAME>
  <PERSISTEDVIEW>AccountingVoucherView</PERSISTEDVIEW>
  <VCHGSTCLASS>Not Applicable</VCHGSTCLASS>
  <ISCOSTCENTRE>false</ISCOSTCENTRE>
  <ISINVOICE>false</ISINVOICE>
  <VOUCHERNUMBER>28</VOUCHERNUMBER>
  <ISOPTIONAL>false</ISOPTIONAL>
  <NARRATION>Ch. No. :303400  Being Amount paid.</NARRATION>
  <PARTYNAME>Challenger Systems</PARTYNAME>
  <VOUCHERNUMBERSERIES>Default</VOUCHERNUMBERSERIES>
  <GSTREGISTRATION>Not Applicable</GSTREGISTRATION>
  <BASICBUYERNAME>Global Enterprises</BASICBUYERNAME>
  <ISCANCELLED>false</ISCANCELLED>
  <OVRDNEWAYBILLAPPLICABILITY>false</OVRDNEWAYBILLAPPLICABILITY>
  <ALLLEDGERENTRIES.LIST>
   <INDEXNUMBER>1</INDEXNUMBER>
   <LEDGERNAME>Mahaveer Computers</LEDGERNAME>
   <VCHLEDGERTYPE>Others</VCHLEDGERTYPE>
   <ISDEEMEDPOSITIVE>true</ISDEEMEDPOSITIVE>
   <ISPARTYLEDGER>true</ISPARTYLEDGER>
   <AMOUNT>
    <AMOUNT>200000</AMOUNT>
    <CURRENCY>₹</CURRENCY>
    <FOREXSYMBOL>- * -</FOREXSYMBOL>
    <ISDEBIT>true</ISDEBIT>
   </AMOUNT>
   <BILLALLOCATIONS.LIST>
    <BILLTYPE>NewRef</BILLTYPE>
    <NAME>MC/63</NAME>
    <BILLCREDITPERIOD>
     <DUEONDATE>2010-02-14</DUEONDATE>
     <INDAYS>30</INDAYS>
     <INTEXT>30 Days</INTEXT>
    </BILLCREDITPERIOD>
    <AMOUNT>
     <AMOUNT>200000</AMOUNT>
     <CURRENCY>₹</CURRENCY>
     <FOREXSYMBOL>- * -</FOREXSYMBOL>
     <ISDEBIT>true</ISDEBIT>
    </AMOUNT>
   </BILLALLOCATIONS.LIST>
  </ALLLEDGERENTRIES.LIST>
  <ALLLEDGERENTRIES.LIST>
   <INDEXNUMBER>2</INDEXNUMBER>
   <LEDGERNAME>Canara Bank</LEDGERNAME>
   <VCHLEDGERTYPE>Others</VCHLEDGERTYPE>
   <ISDEEMEDPOSITIVE>false</ISDEEMEDPOSITIVE>
   <ISPARTYLEDGER>true</ISPARTYLEDGER>
   <AMOUNT>
    <AMOUNT>200000</AMOUNT>
    <CURRENCY>₹</CURRENCY>
    <FOREXSYMBOL>- * -</FOREXSYMBOL>
    <ISDEBIT>false</ISDEBIT>
   </AMOUNT>
  </ALLLEDGERENTRIES.LIST>
 </VOUCHER>
 <VOUCHER>
  <GUID>52889497-5b6b-403d-8f83-224e3c7759b4-00000317</GUID>
  <REMOTEALTGUID>52889497-5b6b-403d-8f83-224e3c7759b4</REMOTEALTGUID>
  <MASTERID>791</MASTERID>
  <ALTERID>6879</ALTERID>
  <ENTEREDBY>A</ENTEREDBY>
  <DATE>2010-01-15</DATE>
  <EFFECTIVEDATE>2010-01-15</EFFECTIVEDATE>
  <VOUCHERTYPENAME>Payment</VOUCHERTYPENAME>
  <PERSISTEDVIEW>AccountingVoucherView</PERSISTEDVIEW>
  <VCHGSTCLASS>Not Applicable</VCHGSTCLASS>
  <ISCOSTCENTRE>false</ISCOSTCENTRE>
  <ISINVOICE>false</ISINVOICE>
  <VOUCHERNUMBER>29</VOUCHERNUMBER>
  <ISOPTIONAL>false</ISOPTIONAL>
  <NARRATION>Ch. No. : 456501  Being Amount paid.</NARRATION>
  <VOUCHERNUMBERSERIES>Default</VOUCHERNUMBERSERIES>
  <GSTREGISTRATION>Not Applicable</GSTREGISTRATION>
  <ISCANCELLED>false</ISCANCELLED>
  <OVRDNEWAYBILLAPPLICABILITY>false</OVRDNEWAYBILLAPPLICABILITY>
  <ALLLEDGERENTRIES.LIST>
   <INDEXNUMBER>1</INDEXNUMBER>
   <LEDGERNAME>Pee Jee  Transports</LEDGERNAME>
   <VCHLEDGERTYPE>Others</VCHLEDGERTYPE>
   <ISDEEMEDPOSITIVE>true</ISDEEMEDPOSITIVE>
   <ISPARTYLEDGER>true</ISPARTYLEDGER>
   <AMOUNT>
    <AMOUNT>1250</AMOUNT>
    <CURRENCY>₹</CURRENCY>
    <FOREXSYMBOL>- * -</FOREXSYMBOL>
    <ISDEBIT>true</ISDEBIT>
   </AMOUNT>
   <BILLALLOCATIONS.LIST>
    <BILLTYPE>NewRef</BILLTYPE>
    <NAME>PJT/169</NAME>
    <BILLCREDITPERIOD>
     <DUEONDATE>2010-02-14</DUEONDATE>
     <INDAYS>30</INDAYS>
     <INTEXT>30 Days</INTEXT>
    </BILLCREDITPERIOD>
    <AMOUNT>
     <AMOUNT>1250</AMOUNT>
     <CURRENCY>₹</CURRENCY>
     <FOREXSYMBOL>- * -</FOREXSYMBOL>
     <ISDEBIT>true</ISDEBIT>
    </AMOUNT>
   </BILLALLOCATIONS.LIST>
  </ALLLEDGERENTRIES.LIST>
  <ALLLEDGERENTRIES.LIST>
   <INDEXNUMBER>2</INDEXNUMBER>
   <LEDGERNAME>Canara Bank</LEDGERNAME>
   <VCHLEDGERTYPE>Others</VCHLEDGERTYPE>
   <ISDEEMEDPOSITIVE>false</ISDEEMEDPOSITIVE>
   <ISPARTYLEDGER>true</ISPARTYLEDGER>
   <AMOUNT>
    <AMOUNT>1250</AMOUNT>
    <CURRENCY>₹</CURRENCY>
    <FOREXSYMBOL>- * -</FOREXSYMBOL>
    <ISDEBIT>false</ISDEBIT>
   </AMOUNT>
  </ALLLEDGERENTRIES.LIST>
 </VOUCHER>
 <VOUCHER>
  <GUID>52889497-5b6b-403d-8f83-224e3c7759b4-000011f0</GUID>
  <REMOTEALTGUID>52889497-5b6b-403d-8f83-224e3c7759b4</REMOTEALTGUID>
  <MASTERID>4592</MASTERID>
  <ALTERID>6883</ALTERID>
  <ENTEREDBY>A</ENTEREDBY>
  <DATE>2010-01-19</DATE>
  <EFFECTIVEDATE>2010-01-19</EFFECTIVEDATE>
  <VOUCHERTYPENAME>Payment</VOUCHERTYPENAME>
  <PERSISTEDVIEW>AccountingVoucherView</PERSISTEDVIEW>
  <VCHGSTCLASS>Not Applicable</VCHGSTCLASS>
  <ISCOSTCENTRE>false</ISCOSTCENTRE>
  <ISINVOICE>false</ISINVOICE>
  <VOUCHERNUMBER>30</VOUCHERNUMBER>
  <ISOPTIONAL>false</ISOPTIONAL>
  <VOUCHERNUMBERSERIES>Default</VOUCHERNUMBERSERIES>
  <GSTREGISTRATION>Not Applicable</GSTREGISTRATION>
  <ISCANCELLED>false</ISCANCELLED>
  <OVRDNEWAYBILLAPPLICABILITY>false</OVRDNEWAYBILLAPPLICABILITY>
  <ALLLEDGERENTRIES.LIST>
   <INDEXNUMBER>1</INDEXNUMBER>
   <LEDGERNAME>Group Term SuperAnnuation Exp</LEDGERNAME>
   <VCHLEDGERTYPE>Others</VCHLEDGERTYPE>
   <ISDEEMEDPOSITIVE>true</ISDEEMEDPOSITIVE>
   <ISPARTYLEDGER>false</ISPARTYLEDGER>
   <AMOUNT>
    <AMOUNT>175000</AMOUNT>
    <CURRENCY>₹</CURRENCY>
    <FOREXSYMBOL>- * -</FOREXSYMBOL>
    <ISDEBIT>true</ISDEBIT>
   </AMOUNT>
  </ALLLEDGERENTRIES.LIST>
  <ALLLEDGERENTRIES.LIST>
   <INDEXNUMBER>2</INDEXNUMBER>
   <LEDGERNAME>Cash</LEDGERNAME>
   <VCHLEDGERTYPE>Others</VCHLEDGERTYPE>
   <ISDEEMEDPOSITIVE>false</ISDEEMEDPOSITIVE>
   <ISPARTYLEDGER>true</ISPARTYLEDGER>
   <AMOUNT>
    <AMOUNT>175000</AMOUNT>
    <CURRENCY>₹</CURRENCY>
    <FOREXSYMBOL>- * -</FOREXSYMBOL>
    <ISDEBIT>false</ISDEBIT>
   </AMOUNT>
  </ALLLEDGERENTRIES.LIST>
 </VOUCHER>
 <VOUCHER>
  <GUID>52889497-5b6b-403d-8f83-224e3c7759b4-0000031a</GUID>
  <REMOTEALTGUID>52889497-5b6b-403d-8f83-224e3c7759b4</REMOTEALTGUID>
  <MASTERID>794</MASTERID>
  <ALTERID>6884</ALTERID>
  <ENTEREDBY>A</ENTEREDBY>
  <DATE>2010-01-20</DATE>
  <EFFECTIVEDATE>2010-01-20</EFFECTIVEDATE>
  <VOUCHERTYPENAME>Payment</VOUCHERTYPENAME>
  <PERSISTEDVIEW>AccountingVoucherView</PERSISTEDVIEW>
  <VCHGSTCLASS>Not Applicable</VCHGSTCLASS>
  <ISCOSTCENTRE>false</ISCOSTCENTRE>
  <ISINVOICE>false</ISINVOICE>
  <VOUCHERNUMBER>31</VOUCHERNUMBER>
  <ISOPTIONAL>false</ISOPTIONAL>
  <NARRATION>Ch. No. : 456504   Being CST Tax paid for the month Dec`07</NARRATION>
  <VOUCHERNUMBERSERIES>Default</VOUCHERNUMBERSERIES>
  <GSTREGISTRATION>Not Applicable</GSTREGISTRATION>
  <ISCANCELLED>false</ISCANCELLED>
  <OVRDNEWAYBILLAPPLICABILITY>false</OVRDNEWAYBILLAPPLICABILITY>
  <ALLLEDGERENTRIES.LIST>
   <INDEXNUMBER>1</INDEXNUMBER>
   <LEDGERNAME>CST Tax @ 4%</LEDGERNAME>
   <LEDGERTAXTYPE>Sales Tax</LEDGERTAXTYPE>
   <VCHLEDGERTYPE>Others</VCHLEDGERTYPE>
   <ISDEEMEDPOSITIVE>true</ISDEEMEDPOSITIVE>
   <ISPARTYLEDGER>false</ISPARTYLEDGER>
   <AMOUNT>
    <AMOUNT>17600</AMOUNT>
    <CURRENCY>₹</CURRENCY>
    <FOREXSYMBOL>- * -</FOREXSYMBOL>
    <ISDEBIT>true</ISDEBIT>
   </AMOUNT>
  </ALLLEDGERENTRIES.LIST>
  <ALLLEDGERENTRIES.LIST>
   <INDEXNUMBER>2</INDEXNUMBER>
   <LEDGERNAME>Canara Bank</LEDGERNAME>
   <VCHLEDGERTYPE>Others</VCHLEDGERTYPE>
   <ISDEEMEDPOSITIVE>false</ISDEEMEDPOSITIVE>
   <ISPARTYLEDGER>true</ISPARTYLEDGER>
   <AMOUNT>
    <AMOUNT>17600</AMOUNT>
    <CURRENCY>₹</CURRENCY>
    <FOREXSYMBOL>- * -</FOREXSYMBOL>
    <ISDEBIT>false</ISDEBIT>
   </AMOUNT>
  </ALLLEDGERENTRIES.LIST>
 </VOUCHER>
 <VOUCHER>
  <GUID>52889497-5b6b-403d-8f83-224e3c7759b4-0000031b</GUID>
  <REMOTEALTGUID>52889497-5b6b-403d-8f83-224e3c7759b4</REMOTEALTGUID>
  <MASTERID>795</MASTERID>
  <ALTERID>6885</ALTERID>
  <ENTEREDBY>A</ENTEREDBY>
  <DATE>2010-01-21</DATE>
  <EFFECTIVEDATE>2010-01-21</EFFECTIVEDATE>
  <VOUCHERTYPENAME>Payment</VOUCHERTYPENAME>
  <PERSISTEDVIEW>AccountingVoucherView</PERSISTEDVIEW>
  <VCHGSTCLASS>Not Applicable</VCHGSTCLASS>
  <ISCOSTCENTRE>false</ISCOSTCENTRE>
  <ISINVOICE>false</ISINVOICE>
  <VOUCHERNUMBER>32</VOUCHERNUMBER>
  <ISOPTIONAL>false</ISOPTIONAL>
  <NARRATION>Being Amount paid towards penalty for late payment of sales tax.</NARRATION>
  <VOUCHERNUMBERSERIES>Default</VOUCHERNUMBERSERIES>
  <GSTREGISTRATION>Not Applicable</GSTREGISTRATION>
  <ISCANCELLED>false</ISCANCELLED>
  <OVRDNEWAYBILLAPPLICABILITY>false</OVRDNEWAYBILLAPPLICABILITY>
  <ALLLEDGERENTRIES.LIST>
   <INDEXNUMBER>1</INDEXNUMBER>
   <LEDGERNAME>Rates &amp; Taxes</LEDGERNAME>
   <VCHLEDGERTYPE>Others</VCHLEDGERTYPE>
   <ISDEEMEDPOSITIVE>true</ISDEEMEDPOSITIVE>
   <ISPARTYLEDGER>false</ISPARTYLEDGER>
   <AMOUNT>
    <AMOUNT>128.75</AMOUNT>
    <CURRENCY>₹</CURRENCY>
    <FOREXSYMBOL>- * -</FOREXSYMBOL>
    <ISDEBIT>true</ISDEBIT>
   </AMOUNT>
  </ALLLEDGERENTRIES.LIST>
  <ALLLEDGERENTRIES.LIST>
   <INDEXNUMBER>2</INDEXNUMBER>
   <LEDGERNAME>Cash</LEDGERNAME>
   <VCHLEDGERTYPE>Others</VCHLEDGERTYPE>
   <ISDEEMEDPOSITIVE>false</ISDEEMEDPOSITIVE>
   <ISPARTYLEDGER>true</ISPARTYLEDGER>
   <AMOUNT>
    <AMOUNT>128.75</AMOUNT>
    <CURRENCY>₹</CURRENCY>
    <FOREXSYMBOL>- * -</FOREXSYMBOL>
    <ISDEBIT>false</ISDEBIT>
   </AMOUNT>
  </ALLLEDGERENTRIES.LIST>
 </VOUCHER>
 <VOUCHER>
  <GUID>52889497-5b6b-403d-8f83-224e3c7759b4-0000031c</GUID>
  <REMOTEALTGUID>52889497-5b6b-403d-8f83-224e3c7759b4</REMOTEALTGUID>
  <MASTERID>796</MASTERID>
  <ALTERID>6886</ALTERID>
  <ENTEREDBY>A</ENTEREDBY>
  <DATE>2010-01-21</DATE>
  <EFFECTIVEDATE>2010-01-21</EFFECTIVEDATE>
  <VOUCHERTYPENAME>Payment</VOUCHERTYPENAME>
  <PERSISTEDVIEW>AccountingVoucherView</PERSISTEDVIEW>
  <VCHGSTCLASS>Not Applicable</VCHGSTCLASS>
  <ISCOSTCENTRE>false</ISCOSTCENTRE>
  <ISINVOICE>false</ISINVOICE>
  <VOUCHERNUMBER>33</VOUCHERNUMBER>
  <ISOPTIONAL>false</ISOPTIONAL>
  <NARRATION>Ch. No. : 456506 payment to Zen enterprises against invoice</NARRATION>
  <VOUCHERNUMBERSERIES>Default</VOUCHERNUMBERSERIES>
  <GSTREGISTRATION>Not Applicable</GSTREGISTRATION>
  <ISCANCELLED>false</ISCANCELLED>
  <OVRDNEWAYBILLAPPLICABILITY>false</OVRDNEWAYBILLAPPLICABILITY>
  <ALLLEDGERENTRIES.LIST>
   <INDEXNUMBER>1</INDEXNUMBER>
   <LEDGERNAME>Zen Enterprises</LEDGERNAME>
   <VCHLEDGERTYPE>Others</VCHLEDGERTYPE>
   <ISDEEMEDPOSITIVE>true</ISDEEMEDPOSITIVE>
   <ISPARTYLEDGER>true</ISPARTYLEDGER>
   <AMOUNT>
    <AMOUNT>10000</AMOUNT>
    <CURRENCY>₹</CURRENCY>
    <FOREXSYMBOL>- * -</FOREXSYMBOL>
    <ISDEBIT>true</ISDEBIT>
   </AMOUNT>
   <BILLALLOCATIONS.LIST>
    <BILLTYPE>NewRef</BILLTYPE>
    <NAME>13</NAME>
    <BILLCREDITPERIOD>
     <DUEONDATE>2010-03-07</DUEONDATE>
     <INDAYS>45</INDAYS>
     <INTEXT>45 Days</INTEXT>
    </BILLCREDITPERIOD>
    <AMOUNT>
     <AMOUNT>3744</AMOUNT>
     <CURRENCY>₹</CURRENCY>
     <FOREXSYMBOL>- * -</FOREXSYMBOL>
     <ISDEBIT>true</ISDEBIT>
    </AMOUNT>
   </BILLALLOCATIONS.LIST>
   <BILLALLOCATIONS.LIST>
    <BILLTYPE>NewRef</BILLTYPE>
    <NAME>ZE/3571</NAME>
    <BILLCREDITPERIOD>
     <DUEONDATE>2010-03-07</DUEONDATE>
     <INDAYS>45</INDAYS>
     <INTEXT>45 Days</INTEXT>
    </BILLCREDITPERIOD>
    <AMOUNT>
     <AMOUNT>5200</AMOUNT>
     <CURRENCY>₹</CURRENCY>
     <FOREXSYMBOL>- * -</FOREXSYMBOL>
     <ISDEBIT>true</ISDEBIT>
    </AMOUNT>
   </BILLALLOCATIONS.LIST>
   <BILLALLOCATIONS.LIST>
    <BILLTYPE>NewRef</BILLTYPE>
    <NAME>ZE/3571b</NAME>
    <BILLCREDITPERIOD>
     <DUEONDATE>2010-03-07</DUEONDATE>
     <INDAYS>45</INDAYS>
     <INTEXT>45 Days</INTEXT>
    </BILLCREDITPERIOD>
    <AMOUNT>
     <AMOUNT>1056</AMOUNT>
     <CURRENCY>₹</CURRENCY>
     <FOREXSYMBOL>- * -</FOREXSYMBOL>
     <ISDEBIT>true</ISDEBIT>
    </AMOUNT>
   </BILLALLOCATIONS.LIST>
  </ALLLEDGERENTRIES.LIST>
  <ALLLEDGERENTRIES.LIST>
   <INDEXNUMBER>2</INDEXNUMBER>
   <LEDGERNAME>Canara Bank</LEDGERNAME>
   <VCHLEDGERTYPE>Others</VCHLEDGERTYPE>
   <ISDEEMEDPOSITIVE>false</ISDEEMEDPOSITIVE>
   <ISPARTYLEDGER>true</ISPARTYLEDGER>
   <AMOUNT>
    <AMOUNT>10000</AMOUNT>
    <CURRENCY>₹</CURRENCY>
    <FOREXSYMBOL>- * -</FOREXSYMBOL>
    <ISDEBIT>false</ISDEBIT>
   </AMOUNT>
  </ALLLEDGERENTRIES.LIST>
 </VOUCHER>
 <VOUCHER>
  <GUID>52889497-5b6b-403d-8f83-224e3c7759b4-0000031d</GUID>
  <REMOTEALTGUID>52889497-5b6b-403d-8f83-224e3c7759b4</REMOTEALTGUID>
  <MASTERID>797</MASTERID>
  <ALTERID>6887</ALTERID>
  <ENTEREDBY>A</ENTEREDBY>
  <DATE>2010-01-21</DATE>
  <EFFECTIVEDATE>2010-01-21</EFFECTIVEDATE>
  <VOUCHERTYPENAME>Payment</VOUCHERTYPENAME>
  <PERSISTEDVIEW>AccountingVoucherView</PERSISTEDVIEW>
  <VCHGSTCLASS>Not Applicable</VCHGSTCLASS>
  <ISCOSTCENTRE>false</ISCOSTCENTRE>
  <ISINVOICE>false</ISINVOICE>
  <VOUCHERNUMBER>34</VOUCHERNUMBER>
  <ISOPTIONAL>false</ISOPTIONAL>
  <NARRATION>Ch. No. :124578</NARRATION>
  <VOUCHERNUMBERSERIES>Default</VOUCHERNUMBERSERIES>
  <GSTREGISTRATION>Not Applicable</GSTREGISTRATION>
  <ISCANCELLED>false</ISCANCELLED>
  <OVRDNEWAYBILLAPPLICABILITY>false</OVRDNEWAYBILLAPPLICABILITY>
  <ALLLEDGERENTRIES.LIST>
   <INDEXNUMBER>1</INDEXNUMBER>
   <LEDGERNAME>TCS @ 2.5%</LEDGERNAME>
   <VCHLEDGERTYPE>TCS</VCHLEDGERTYPE>
   <ISDEEMEDPOSITIVE>true</ISDEEMEDPOSITIVE>
   <ISPARTYLEDGER>false</ISPARTYLEDGER>
   <AMOUNT>
    <AMOUNT>70490</AMOUNT>
    <CURRENCY>₹</CURRENCY>
    <FOREXSYMBOL>- * -</FOREXSYMBOL>
    <ISDEBIT>true</ISDEBIT>
   </AMOUNT>
  </ALLLEDGERENTRIES.LIST>
  <ALLLEDGERENTRIES.LIST>
   <INDEXNUMBER>2</INDEXNUMBER>
   <LEDGERNAME>Canara Bank</LEDGERNAME>
   <VCHLEDGERTYPE>Others</VCHLEDGERTYPE>
   <ISDEEMEDPOSITIVE>false</ISDEEMEDPOSITIVE>
   <ISPARTYLEDGER>true</ISPARTYLEDGER>
   <AMOUNT>
    <AMOUNT>70490</AMOUNT>
    <CURRENCY>₹</CURRENCY>
    <FOREXSYMBOL>- * -</FOREXSYMBOL>
    <ISDEBIT>false</ISDEBIT>
   </AMOUNT>
  </ALLLEDGERENTRIES.LIST>
 </VOUCHER>
 <VOUCHER>
  <GUID>52889497-5b6b-403d-8f83-224e3c7759b4-00000320</GUID>
  <REMOTEALTGUID>52889497-5b6b-403d-8f83-224e3c7759b4</REMOTEALTGUID>
  <MASTERID>800</MASTERID>
  <ALTERID>6891</ALTERID>
  <ENTEREDBY>A</ENTEREDBY>
  <DATE>2010-01-25</DATE>
  <EFFECTIVEDATE>2010-01-25</EFFECTIVEDATE>
  <VOUCHERTYPENAME>Payment</VOUCHERTYPENAME>
  <PERSISTEDVIEW>AccountingVoucherView</PERSISTEDVIEW>
  <VCHGSTCLASS>Not Applicable</VCHGSTCLASS>
  <ISCOSTCENTRE>false</ISCOSTCENTRE>
  <ISINVOICE>false</ISINVOICE>
  <VOUCHERNUMBER>35</VOUCHERNUMBER>
  <ISOPTIONAL>false</ISOPTIONAL>
  <NARRATION>Being Cash Paid.</NARRATION>
  <PARTYNAME>Challenger Systems</PARTYNAME>
  <VOUCHERNUMBERSERIES>Default</VOUCHERNUMBERSERIES>
  <GSTREGISTRATION>Not Applicable</GSTREGISTRATION>
  <BASICBUYERNAME>Global Enterprises</BASICBUYERNAME>
  <ISCANCELLED>false</ISCANCELLED>
  <OVRDNEWAYBILLAPPLICABILITY>false</OVRDNEWAYBILLAPPLICABILITY>
  <ALLLEDGERENTRIES.LIST>
   <INDEXNUMBER>1</INDEXNUMBER>
   <LEDGERNAME>Nayak Trading Co.,</LEDGERNAME>
   <VCHLEDGERTYPE>Others</VCHLEDGERTYPE>
   <ISDEEMEDPOSITIVE>true</ISDEEMEDPOSITIVE>
   <ISPARTYLEDGER>true</ISPARTYLEDGER>
   <AMOUNT>
    <AMOUNT>7800</AMOUNT>
    <CURRENCY>₹</CURRENCY>
    <FOREXSYMBOL>- * -</FOREXSYMBOL>
    <ISDEBIT>true</ISDEBIT>
   </AMOUNT>
   <BILLALLOCATIONS.LIST>
    <BILLTYPE>NewRef</BILLTYPE>
    <NAME>20</NAME>
    <BILLCREDITPERIOD>
     <DUEONDATE>2010-03-11</DUEONDATE>
     <INDAYS>45</INDAYS>
     <INTEXT>45 Days</INTEXT>
    </BILLCREDITPERIOD>
    <AMOUNT>
     <AMOUNT>7800</AMOUNT>
     <CURRENCY>₹</CURRENCY>
     <FOREXSYMBOL>- * -</FOREXSYMBOL>
     <ISDEBIT>true</ISDEBIT>
    </AMOUNT>
   </BILLALLOCATIONS.LIST>
  </ALLLEDGERENTRIES.LIST>
  <ALLLEDGERENTRIES.LIST>
   <INDEXNUMBER>2</INDEXNUMBER>
   <LEDGERNAME>Cash</LEDGERNAME>
   <VCHLEDGERTYPE>Others</VCHLEDGERTYPE>
   <ISDEEMEDPOSITIVE>false</ISDEEMEDPOSITIVE>
   <ISPARTYLEDGER>true</ISPARTYLEDGER>
   <AMOUNT>
    <AMOUNT>7800</AMOUNT>
    <CURRENCY>₹</CURRENCY>
    <FOREXSYMBOL>- * -</FOREXSYMBOL>
    <ISDEBIT>false</ISDEBIT>
   </AMOUNT>
  </ALLLEDGERENTRIES.LIST>
 </VOUCHER>
 <VOUCHER>
  <GUID>52889497-5b6b-403d-8f83-224e3c7759b4-00000321</GUID>
  <REMOTEALTGUID>52889497-5b6b-403d-8f83-224e3c7759b4</REMOTEALTGUID>
  <MASTERID>801</MASTERID>
  <ALTERID>6892</ALTERID>
  <ENTEREDBY>A</ENTEREDBY>
  <DATE>2010-01-25</DATE>
  <EFFECTIVEDATE>2010-01-25</EFFECTIVEDATE>
  <VOUCHERTYPENAME>Payment</VOUCHERTYPENAME>
  <PERSISTEDVIEW>AccountingVoucherView</PERSISTEDVIEW>
  <VCHGSTCLASS>Not Applicable</VCHGSTCLASS>
  <ISCOSTCENTRE>false</ISCOSTCENTRE>
  <ISINVOICE>false</ISINVOICE>
  <VOUCHERNUMBER>36</VOUCHERNUMBER>
  <ISOPTIONAL>false</ISOPTIONAL>
  <NARRATION>Ch. No. :1000197 Being Installment for Car Loan Repayment paid.</NARRATION>
  <VOUCHERNUMBERSERIES>Default</VOUCHERNUMBERSERIES>
  <GSTREGISTRATION>Not Applicable</GSTREGISTRATION>
  <ISCANCELLED>false</ISCANCELLED>
  <OVRDNEWAYBILLAPPLICABILITY>false</OVRDNEWAYBILLAPPLICABILITY>
  <ALLLEDGERENTRIES.LIST>
   <INDEXNUMBER>1</INDEXNUMBER>
   <LEDGERNAME>Cholamandalam Auto Finance Coy.,</LEDGERNAME>
   <VCHLEDGERTYPE>Others</VCHLEDGERTYPE>
   <ISDEEMEDPOSITIVE>true</ISDEEMEDPOSITIVE>
   <ISPARTYLEDGER>false</ISPARTYLEDGER>
   <AMOUNT>
    <AMOUNT>17621.27</AMOUNT>
    <CURRENCY>₹</CURRENCY>
    <FOREXSYMBOL>- * -</FOREXSYMBOL>
    <ISDEBIT>true</ISDEBIT>
   </AMOUNT>
   <BILLALLOCATIONS.LIST>
    <BILLTYPE>NewRef</BILLTYPE>
    <NAME>HYN/HP/12300089</NAME>
    <AMOUNT>
     <AMOUNT>17621.27</AMOUNT>
     <CURRENCY>₹</CURRENCY>
     <FOREXSYMBOL>- * -</FOREXSYMBOL>
     <ISDEBIT>true</ISDEBIT>
    </AMOUNT>
   </BILLALLOCATIONS.LIST>
  </ALLLEDGERENTRIES.LIST>
  <ALLLEDGERENTRIES.LIST>
   <INDEXNUMBER>2</INDEXNUMBER>
   <LEDGERNAME>Interest on Car Loan A/c</LEDGERNAME>
   <VCHLEDGERTYPE>Others</VCHLEDGERTYPE>
   <ISDEEMEDPOSITIVE>true</ISDEEMEDPOSITIVE>
   <ISPARTYLEDGER>false</ISPARTYLEDGER>
   <AMOUNT>
    <AMOUNT>1982.39</AMOUNT>
    <CURRENCY>₹</CURRENCY>
    <FOREXSYMBOL>- * -</FOREXSYMBOL>
    <ISDEBIT>true</ISDEBIT>
   </AMOUNT>
  </ALLLEDGERENTRIES.LIST>
  <ALLLEDGERENTRIES.LIST>
   <INDEXNUMBER>3</INDEXNUMBER>
   <LEDGERNAME>HDFC Bank</LEDGERNAME>
   <VCHLEDGERTYPE>Others</VCHLEDGERTYPE>
   <ISDEEMEDPOSITIVE>false</ISDEEMEDPOSITIVE>
   <ISPARTYLEDGER>true</ISPARTYLEDGER>
   <AMOUNT>
    <AMOUNT>19603.66</AMOUNT>
    <CURRENCY>₹</CURRENCY>
    <FOREXSYMBOL>- * -</FOREXSYMBOL>
    <ISDEBIT>false</ISDEBIT>
   </AMOUNT>
  </ALLLEDGERENTRIES.LIST>
 </VOUCHER>
 <VOUCHER>
  <GUID>52889497-5b6b-403d-8f83-224e3c7759b4-000011f2</GUID>
  <REMOTEALTGUID>52889497-5b6b-403d-8f83-224e3c7759b4</REMOTEALTGUID>
  <MASTERID>4594</MASTERID>
  <ALTERID>6894</ALTERID>
  <ENTEREDBY>A</ENTEREDBY>
  <DATE>2010-01-25</DATE>
  <EFFECTIVEDATE>2010-01-25</EFFECTIVEDATE>
  <VOUCHERTYPENAME>Payment</VOUCHERTYPENAME>
  <PERSISTEDVIEW>AccountingVoucherView</PERSISTEDVIEW>
  <VCHGSTCLASS>Not Applicable</VCHGSTCLASS>
  <ISCOSTCENTRE>false</ISCOSTCENTRE>
  <ISINVOICE>false</ISINVOICE>
  <VOUCHERNUMBER>37</VOUCHERNUMBER>
  <ISOPTIONAL>false</ISOPTIONAL>
  <NARRATION>Ch. No. : 5444545</NARRATION>
  <VOUCHERNUMBERSERIES>Default</VOUCHERNUMBERSERIES>
  <GSTREGISTRATION>Not Applicable</GSTREGISTRATION>
  <ISCANCELLED>false</ISCANCELLED>
  <OVRDNEWAYBILLAPPLICABILITY>false</OVRDNEWAYBILLAPPLICABILITY>
  <ALLLEDGERENTRIES.LIST>
   <INDEXNUMBER>1</INDEXNUMBER>
   <LEDGERNAME>PF Payable</LEDGERNAME>
   <VCHLEDGERTYPE>Others</VCHLEDGERTYPE>
   <ISDEEMEDPOSITIVE>true</ISDEEMEDPOSITIVE>
   <ISPARTYLEDGER>false</ISPARTYLEDGER>
   <AMOUNT>
    <AMOUNT>3480</AMOUNT>
    <CURRENCY>₹</CURRENCY>
    <FOREXSYMBOL>- * -</FOREXSYMBOL>
    <ISDEBIT>true</ISDEBIT>
   </AMOUNT>
  </ALLLEDGERENTRIES.LIST>
  <ALLLEDGERENTRIES.LIST>
   <INDEXNUMBER>2</INDEXNUMBER>
   <LEDGERNAME>Employee&apos;s PF Contribution @ 12%</LEDGERNAME>
   <VCHLEDGERTYPE>Others</VCHLEDGERTYPE>
   <ISDEEMEDPOSITIVE>true</ISDEEMEDPOSITIVE>
   <ISPARTYLEDGER>false</ISPARTYLEDGER>
   <AMOUNT>
    <AMOUNT>3480</AMOUNT>
    <CURRENCY>₹</CURRENCY>
    <FOREXSYMBOL>- * -</FOREXSYMBOL>
    <ISDEBIT>true</ISDEBIT>
   </AMOUNT>
  </ALLLEDGERENTRIES.LIST>
  <ALLLEDGERENTRIES.LIST>
   <INDEXNUMBER>3</INDEXNUMBER>
   <LEDGERNAME>DLI Contribution @ 0.5%</LEDGERNAME>
   <VCHLEDGERTYPE>Others</VCHLEDGERTYPE>
   <ISDEEMEDPOSITIVE>true</ISDEEMEDPOSITIVE>
   <ISPARTYLEDGER>false</ISPARTYLEDGER>
   <AMOUNT>
    <AMOUNT>10</AMOUNT>
    <CURRENCY>₹</CURRENCY>
    <FOREXSYMBOL>- * -</FOREXSYMBOL>
    <ISDEBIT>true</ISDEBIT>
   </AMOUNT>
  </ALLLEDGERENTRIES.LIST>
  <ALLLEDGERENTRIES.LIST>
   <INDEXNUMBER>4</INDEXNUMBER>
   <LEDGERNAME>EDLI Admin Charges @ 0.01%</LEDGERNAME>
   <VCHLEDGERTYPE>Others</VCHLEDGERTYPE>
   <ISDEEMEDPOSITIVE>true</ISDEEMEDPOSITIVE>
   <ISPARTYLEDGER>false</ISPARTYLEDGER>
   <AMOUNT>
    <AMOUNT>2.90</AMOUNT>
    <CURRENCY>₹</CURRENCY>
    <FOREXSYMBOL>- * -</FOREXSYMBOL>
    <ISDEBIT>true</ISDEBIT>
   </AMOUNT>
  </ALLLEDGERENTRIES.LIST>
  <ALLLEDGERENTRIES.LIST>
   <INDEXNUMBER>5</INDEXNUMBER>
   <LEDGERNAME>PF Admin Charges @ 1.10%</LEDGERNAME>
   <VCHLEDGERTYPE>Others</VCHLEDGERTYPE>
   <ISDEEMEDPOSITIVE>true</ISDEEMEDPOSITIVE>
   <ISPARTYLEDGER>false</ISPARTYLEDGER>
   <AMOUNT>
    <AMOUNT>319</AMOUNT>
    <CURRENCY>₹</CURRENCY>
    <FOREXSYMBOL>- * -</FOREXSYMBOL>
    <ISDEBIT>true</ISDEBIT>
   </AMOUNT>
  </ALLLEDGERENTRIES.LIST>
  <ALLLEDGERENTRIES.LIST>
   <INDEXNUMBER>6</INDEXNUMBER>
   <LEDGERNAME>HDFC Bank</LEDGERNAME>
   <VCHLEDGERTYPE>Others</VCHLEDGERTYPE>
   <ISDEEMEDPOSITIVE>false</ISDEEMEDPOSITIVE>
   <ISPARTYLEDGER>true</ISPARTYLEDGER>
   <AMOUNT>
    <AMOUNT>7291.90</AMOUNT>
    <CURRENCY>₹</CURRENCY>
    <FOREXSYMBOL>- * -</FOREXSYMBOL>
    <ISDEBIT>false</ISDEBIT>
   </AMOUNT>
  </ALLLEDGERENTRIES.LIST>
 </VOUCHER>
 <VOUCHER>
  <GUID>52889497-5b6b-403d-8f83-224e3c7759b4-000011f3</GUID>
  <REMOTEALTGUID>52889497-5b6b-403d-8f83-224e3c7759b4</REMOTEALTGUID>
  <MASTERID>4595</MASTERID>
  <ALTERID>6895</ALTERID>
  <ENTEREDBY>A</ENTEREDBY>
  <DATE>2010-01-25</DATE>
  <EFFECTIVEDATE>2010-01-25</EFFECTIVEDATE>
  <VOUCHERTYPENAME>Payment</VOUCHERTYPENAME>
  <PERSISTEDVIEW>AccountingVoucherView</PERSISTEDVIEW>
  <VCHGSTCLASS>Not Applicable</VCHGSTCLASS>
  <ISCOSTCENTRE>false</ISCOSTCENTRE>
  <ISINVOICE>false</ISINVOICE>
  <VOUCHERNUMBER>38</VOUCHERNUMBER>
  <ISOPTIONAL>false</ISOPTIONAL>
  <NARRATION>Ch. No. : 8454545</NARRATION>
  <VOUCHERNUMBERSERIES>Default</VOUCHERNUMBERSERIES>
  <GSTREGISTRATION>Not Applicable</GSTREGISTRATION>
  <ISCANCELLED>false</ISCANCELLED>
  <OVRDNEWAYBILLAPPLICABILITY>false</OVRDNEWAYBILLAPPLICABILITY>
  <ALLLEDGERENTRIES.LIST>
   <INDEXNUMBER>1</INDEXNUMBER>
   <LEDGERNAME>ESI Payable</LEDGERNAME>
   <VCHLEDGERTYPE>Others</VCHLEDGERTYPE>
   <ISDEEMEDPOSITIVE>true</ISDEEMEDPOSITIVE>
   <ISPARTYLEDGER>false</ISPARTYLEDGER>
   <AMOUNT>
    <AMOUNT>699</AMOUNT>
    <CURRENCY>₹</CURRENCY>
    <FOREXSYMBOL>- * -</FOREXSYMBOL>
    <ISDEBIT>true</ISDEBIT>
   </AMOUNT>
  </ALLLEDGERENTRIES.LIST>
  <ALLLEDGERENTRIES.LIST>
   <INDEXNUMBER>2</INDEXNUMBER>
   <LEDGERNAME>Employee&apos;s ESI Contribution @ 1.75%</LEDGERNAME>
   <VCHLEDGERTYPE>Others</VCHLEDGERTYPE>
   <ISDEEMEDPOSITIVE>true</ISDEEMEDPOSITIVE>
   <ISPARTYLEDGER>false</ISPARTYLEDGER>
   <AMOUNT>
    <AMOUNT>258</AMOUNT>
    <CURRENCY>₹</CURRENCY>
    <FOREXSYMBOL>- * -</FOREXSYMBOL>
    <ISDEBIT>true</ISDEBIT>
   </AMOUNT>
  </ALLLEDGERENTRIES.LIST>
  <ALLLEDGERENTRIES.LIST>
   <INDEXNUMBER>3</INDEXNUMBER>
   <LEDGERNAME>HDFC Bank</LEDGERNAME>
   <VCHLEDGERTYPE>Others</VCHLEDGERTYPE>
   <ISDEEMEDPOSITIVE>false</ISDEEMEDPOSITIVE>
   <ISPARTYLEDGER>true</ISPARTYLEDGER>
   <AMOUNT>
    <AMOUNT>957</AMOUNT>
    <CURRENCY>₹</CURRENCY>
    <FOREXSYMBOL>- * -</FOREXSYMBOL>
    <ISDEBIT>false</ISDEBIT>
   </AMOUNT>
  </ALLLEDGERENTRIES.LIST>
 </VOUCHER>
 <VOUCHER>
  <GUID>52889497-5b6b-403d-8f83-224e3c7759b4-000011f4</GUID>
  <REMOTEALTGUID>52889497-5b6b-403d-8f83-224e3c7759b4</REMOTEALTGUID>
  <MASTERID>4596</MASTERID>
  <ALTERID>6896</ALTERID>
  <ENTEREDBY>A</ENTEREDBY>
  <DATE>2010-01-25</DATE>
  <EFFECTIVEDATE>2010-01-25</EFFECTIVEDATE>
  <VOUCHERTYPENAME>Payment</VOUCHERTYPENAME>
  <PERSISTEDVIEW>AccountingVoucherView</PERSISTEDVIEW>
  <VCHGSTCLASS>Not Applicable</VCHGSTCLASS>
  <ISCOSTCENTRE>false</ISCOSTCENTRE>
  <ISINVOICE>false</ISINVOICE>
  <VOUCHERNUMBER>39</VOUCHERNUMBER>
  <ISOPTIONAL>false</ISOPTIONAL>
  <NARRATION>Ch. No. :</NARRATION>
  <VOUCHERNUMBERSERIES>Default</VOUCHERNUMBERSERIES>
  <GSTREGISTRATION>Not Applicable</GSTREGISTRATION>
  <ISCANCELLED>false</ISCANCELLED>
  <OVRDNEWAYBILLAPPLICABILITY>false</OVRDNEWAYBILLAPPLICABILITY>
  <ALLLEDGERENTRIES.LIST>
   <INDEXNUMBER>1</INDEXNUMBER>
   <LEDGERNAME>Profession Tax</LEDGERNAME>
   <VCHLEDGERTYPE>Others</VCHLEDGERTYPE>
   <ISDEEMEDPOSITIVE>true</ISDEEMEDPOSITIVE>
   <ISPARTYLEDGER>false</ISPARTYLEDGER>
   <AMOUNT>
    <AMOUNT>660</AMOUNT>
    <CURRENCY>₹</CURRENCY>
    <FOREXSYMBOL>- * -</FOREXSYMBOL>
    <ISDEBIT>true</ISDEBIT>
   </AMOUNT>
  </ALLLEDGERENTRIES.LIST>
  <ALLLEDGERENTRIES.LIST>
   <INDEXNUMBER>2</INDEXNUMBER>
   <LEDGERNAME>HDFC Bank</LEDGERNAME>
   <VCHLEDGERTYPE>Others</VCHLEDGERTYPE>
   <ISDEEMEDPOSITIVE>false</ISDEEMEDPOSITIVE>
   <ISPARTYLEDGER>true</ISPARTYLEDGER>
   <AMOUNT>
    <AMOUNT>660</AMOUNT>
    <CURRENCY>₹</CURRENCY>
    <FOREXSYMBOL>- * -</FOREXSYMBOL>
    <ISDEBIT>false</ISDEBIT>
   </AMOUNT>
  </ALLLEDGERENTRIES.LIST>
 </VOUCHER>
 <VOUCHER>
  <GUID>52889497-5b6b-403d-8f83-224e3c7759b4-00000328</GUID>
  <REMOTEALTGUID>52889497-5b6b-403d-8f83-224e3c7759b4</REMOTEALTGUID>
  <MASTERID>808</MASTERID>
  <ALTERID>6902</ALTERID>
  <ENTEREDBY>A</ENTEREDBY>
  <DATE>2010-01-30</DATE>
  <EFFECTIVEDATE>2010-01-30</EFFECTIVEDATE>
  <VOUCHERTYPENAME>Payment</VOUCHERTYPENAME>
  <PERSISTEDVIEW>AccountingVoucherView</PERSISTEDVIEW>
  <VCHGSTCLASS>Not Applicable</VCHGSTCLASS>
  <ISCOSTCENTRE>false</ISCOSTCENTRE>
  <ISINVOICE>false</ISINVOICE>
  <VOUCHERNUMBER>40</VOUCHERNUMBER>
  <ISOPTIONAL>false</ISOPTIONAL>
  <NARRATION>Ch. No. :</NARRATION>
  <VOUCHERNUMBERSERIES>Default</VOUCHERNUMBERSERIES>
  <GSTREGISTRATION>Not Applicable</GSTREGISTRATION>
  <ISCANCELLED>false</ISCANCELLED>
  <OVRDNEWAYBILLAPPLICABILITY>false</OVRDNEWAYBILLAPPLICABILITY>
  <ALLLEDGERENTRIES.LIST>
   <INDEXNUMBER>1</INDEXNUMBER>
   <LEDGERNAME>Chandra Timbers</LEDGERNAME>
   <VCHLEDGERTYPE>Others</VCHLEDGERTYPE>
   <ISDEEMEDPOSITIVE>true</ISDEEMEDPOSITIVE>
   <ISPARTYLEDGER>true</ISPARTYLEDGER>
   <AMOUNT>
    <AMOUNT>238633.50</AMOUNT>
    <CURRENCY>₹</CURRENCY>
    <FOREXSYMBOL>- * -</FOREXSYMBOL>
    <ISDEBIT>true</ISDEBIT>
   </AMOUNT>
   <BILLALLOCATIONS.LIST>
    <BILLTYPE>NewRef</BILLTYPE>
    <NAME>648</NAME>
    <AMOUNT>
     <AMOUNT>238633.50</AMOUNT>
     <CURRENCY>₹</CURRENCY>
     <FOREXSYMBOL>- * -</FOREXSYMBOL>
     <ISDEBIT>true</ISDEBIT>
    </AMOUNT>
   </BILLALLOCATIONS.LIST>
  </ALLLEDGERENTRIES.LIST>
  <ALLLEDGERENTRIES.LIST>
   <INDEXNUMBER>2</INDEXNUMBER>
   <LEDGERNAME>Canara Bank</LEDGERNAME>
   <VCHLEDGERTYPE>Others</VCHLEDGERTYPE>
   <ISDEEMEDPOSITIVE>false</ISDEEMEDPOSITIVE>
   <ISPARTYLEDGER>true</ISPARTYLEDGER>
   <AMOUNT>
    <AMOUNT>238633.50</AMOUNT>
    <CURRENCY>₹</CURRENCY>
    <FOREXSYMBOL>- * -</FOREXSYMBOL>
    <ISDEBIT>false</ISDEBIT>
   </AMOUNT>
  </ALLLEDGERENTRIES.LIST>
 </VOUCHER>
 <VOUCHER>
  <GUID>52889497-5b6b-403d-8f83-224e3c7759b4-0000032c</GUID>
  <REMOTEALTGUID>52889497-5b6b-403d-8f83-224e3c7759b4</REMOTEALTGUID>
  <MASTERID>812</MASTERID>
  <ALTERID>6906</ALTERID>
  <ENTEREDBY>A</ENTEREDBY>
  <DATE>2010-01-31</DATE>
  <EFFECTIVEDATE>2010-01-31</EFFECTIVEDATE>
  <VOUCHERTYPENAME>Payment</VOUCHERTYPENAME>
  <PERSISTEDVIEW>AccountingVoucherView</PERSISTEDVIEW>
  <VCHGSTCLASS>Not Applicable</VCHGSTCLASS>
  <ISCOSTCENTRE>false</ISCOSTCENTRE>
  <ISINVOICE>false</ISINVOICE>
  <VOUCHERNUMBER>41</VOUCHERNUMBER>
  <ISOPTIONAL>false</ISOPTIONAL>
  <NARRATION>Being courier Charges paid for Jan`08</NARRATION>
  <VOUCHERNUMBERSERIES>Default</VOUCHERNUMBERSERIES>
  <GSTREGISTRATION>Not Applicable</GSTREGISTRATION>
  <ISCANCELLED>false</ISCANCELLED>
  <OVRDNEWAYBILLAPPLICABILITY>false</OVRDNEWAYBILLAPPLICABILITY>
  <ALLLEDGERENTRIES.LIST>
   <INDEXNUMBER>1</INDEXNUMBER>
   <LEDGERNAME>Postage &amp; Telegraph</LEDGERNAME>
   <VCHLEDGERTYPE>Others</VCHLEDGERTYPE>
   <ISDEEMEDPOSITIVE>true</ISDEEMEDPOSITIVE>
   <ISPARTYLEDGER>false</ISPARTYLEDGER>
   <AMOUNT>
    <AMOUNT>560</AMOUNT>
    <CURRENCY>₹</CURRENCY>
    <FOREXSYMBOL>- * -</FOREXSYMBOL>
    <ISDEBIT>true</ISDEBIT>
   </AMOUNT>
  </ALLLEDGERENTRIES.LIST>
  <ALLLEDGERENTRIES.LIST>
   <INDEXNUMBER>2</INDEXNUMBER>
   <LEDGERNAME>Cash</LEDGERNAME>
   <VCHLEDGERTYPE>Others</VCHLEDGERTYPE>
   <ISDEEMEDPOSITIVE>false</ISDEEMEDPOSITIVE>
   <ISPARTYLEDGER>true</ISPARTYLEDGER>
   <AMOUNT>
    <AMOUNT>560</AMOUNT>
    <CURRENCY>₹</CURRENCY>
    <FOREXSYMBOL>- * -</FOREXSYMBOL>
    <ISDEBIT>false</ISDEBIT>
   </AMOUNT>
  </ALLLEDGERENTRIES.LIST>
 </VOUCHER>
 <VOUCHER>
  <GUID>52889497-5b6b-403d-8f83-224e3c7759b4-0000032d</GUID>
  <REMOTEALTGUID>52889497-5b6b-403d-8f83-224e3c7759b4</REMOTEALTGUID>
  <MASTERID>813</MASTERID>
  <ALTERID>6907</ALTERID>
  <ENTEREDBY>A</ENTEREDBY>
  <DATE>2010-01-31</DATE>
  <EFFECTIVEDATE>2010-01-31</EFFECTIVEDATE>
  <VOUCHERTYPENAME>Payment</VOUCHERTYPENAME>
  <PERSISTEDVIEW>AccountingVoucherView</PERSISTEDVIEW>
  <VCHGSTCLASS>Not Applicable</VCHGSTCLASS>
  <ISCOSTCENTRE>false</ISCOSTCENTRE>
  <ISINVOICE>false</ISINVOICE>
  <VOUCHERNUMBER>42</VOUCHERNUMBER>
  <ISOPTIONAL>false</ISOPTIONAL>
  <NARRATION>Ch. No. 1000199 Being monthly charges paid for assembling computers.</NARRATION>
  <VOUCHERNUMBERSERIES>Default</VOUCHERNUMBERSERIES>
  <GSTREGISTRATION>Not Applicable</GSTREGISTRATION>
  <ISCANCELLED>false</ISCANCELLED>
  <OVRDNEWAYBILLAPPLICABILITY>false</OVRDNEWAYBILLAPPLICABILITY>
  <ALLLEDGERENTRIES.LIST>
   <INDEXNUMBER>1</INDEXNUMBER>
   <LEDGERNAME>Assembling Charges</LEDGERNAME>
   <VCHLEDGERTYPE>Others</VCHLEDGERTYPE>
   <ISDEEMEDPOSITIVE>true</ISDEEMEDPOSITIVE>
   <ISPARTYLEDGER>false</ISPARTYLEDGER>
   <AMOUNT>
    <AMOUNT>1520</AMOUNT>
    <CURRENCY>₹</CURRENCY>
    <FOREXSYMBOL>- * -</FOREXSYMBOL>
    <ISDEBIT>true</ISDEBIT>
   </AMOUNT>
  </ALLLEDGERENTRIES.LIST>
  <ALLLEDGERENTRIES.LIST>
   <INDEXNUMBER>2</INDEXNUMBER>
   <LEDGERNAME>HDFC Bank</LEDGERNAME>
   <VCHLEDGERTYPE>Others</VCHLEDGERTYPE>
   <ISDEEMEDPOSITIVE>false</ISDEEMEDPOSITIVE>
   <ISPARTYLEDGER>true</ISPARTYLEDGER>
   <AMOUNT>
    <AMOUNT>1520</AMOUNT>
    <CURRENCY>₹</CURRENCY>
    <FOREXSYMBOL>- * -</FOREXSYMBOL>
    <ISDEBIT>false</ISDEBIT>
   </AMOUNT>
  </ALLLEDGERENTRIES.LIST>
 </VOUCHER>
 <VOUCHER>
  <GUID>52889497-5b6b-403d-8f83-224e3c7759b4-00000338</GUID>
  <REMOTEALTGUID>52889497-5b6b-403d-8f83-224e3c7759b4</REMOTEALTGUID>
  <MASTERID>824</MASTERID>
  <ALTERID>6910</ALTERID>
  <ENTEREDBY>A</ENTEREDBY>
  <DATE>2010-01-31</DATE>
  <EFFECTIVEDATE>2010-01-31</EFFECTIVEDATE>
  <VOUCHERTYPENAME>Payment</VOUCHERTYPENAME>
  <PERSISTEDVIEW>AccountingVoucherView</PERSISTEDVIEW>
  <VCHGSTCLASS>Not Applicable</VCHGSTCLASS>
  <ISCOSTCENTRE>false</ISCOSTCENTRE>
  <ISINVOICE>false</ISINVOICE>
  <VOUCHERNUMBER>43</VOUCHERNUMBER>
  <ISOPTIONAL>false</ISOPTIONAL>
  <NARRATION>Ch. No. :</NARRATION>
  <VOUCHERNUMBERSERIES>Default</VOUCHERNUMBERSERIES>
  <GSTREGISTRATION>Not Applicable</GSTREGISTRATION>
  <ISCANCELLED>false</ISCANCELLED>
  <OVRDNEWAYBILLAPPLICABILITY>false</OVRDNEWAYBILLAPPLICABILITY>
  <ALLLEDGERENTRIES.LIST>
   <INDEXNUMBER>1</INDEXNUMBER>
   <LEDGERNAME>Fast Couriers</LEDGERNAME>
   <VCHLEDGERTYPE>Others</VCHLEDGERTYPE>
   <ISDEEMEDPOSITIVE>true</ISDEEMEDPOSITIVE>
   <ISPARTYLEDGER>true</ISPARTYLEDGER>
   <AMOUNT>
    <AMOUNT>561.80</AMOUNT>
    <CURRENCY>₹</CURRENCY>
    <FOREXSYMBOL>- * -</FOREXSYMBOL>
    <ISDEBIT>true</ISDEBIT>
   </AMOUNT>
   <BILLALLOCATIONS.LIST>
    <BILLTYPE>AgstRef</BILLTYPE>
    <NAME>82</NAME>
    <AMOUNT>
     <AMOUNT>561.80</AMOUNT>
     <CURRENCY>₹</CURRENCY>
     <FOREXSYMBOL>- * -</FOREXSYMBOL>
     <ISDEBIT>true</ISDEBIT>
    </AMOUNT>
   </BILLALLOCATIONS.LIST>
  </ALLLEDGERENTRIES.LIST>
  <ALLLEDGERENTRIES.LIST>
   <INDEXNUMBER>2</INDEXNUMBER>
   <LEDGERNAME>HDFC Bank</LEDGERNAME>
   <VCHLEDGERTYPE>Others</VCHLEDGERTYPE>
   <ISDEEMEDPOSITIVE>false</ISDEEMEDPOSITIVE>
   <ISPARTYLEDGER>true</ISPARTYLEDGER>
   <AMOUNT>
    <AMOUNT>561.80</AMOUNT>
    <CURRENCY>₹</CURRENCY>
    <FOREXSYMBOL>- * -</FOREXSYMBOL>
    <ISDEBIT>false</ISDEBIT>
   </AMOUNT>
  </ALLLEDGERENTRIES.LIST>
 </VOUCHER>
 <VOUCHER>
  <GUID>52889497-5b6b-403d-8f83-224e3c7759b4-00000339</GUID>
  <REMOTEALTGUID>52889497-5b6b-403d-8f83-224e3c7759b4</REMOTEALTGUID>
  <MASTERID>825</MASTERID>
  <ALTERID>6911</ALTERID>
  <ENTEREDBY>A</ENTEREDBY>
  <DATE>2010-01-31</DATE>
  <EFFECTIVEDATE>2010-01-31</EFFECTIVEDATE>
  <VOUCHERTYPENAME>Payment</VOUCHERTYPENAME>
  <PERSISTEDVIEW>AccountingVoucherView</PERSISTEDVIEW>
  <VCHGSTCLASS>Not Applicable</VCHGSTCLASS>
  <ISCOSTCENTRE>false</ISCOSTCENTRE>
  <ISINVOICE>false</ISINVOICE>
  <VOUCHERNUMBER>44</VOUCHERNUMBER>
  <ISOPTIONAL>false</ISOPTIONAL>
  <NARRATION>Ch. No. :</NARRATION>
  <VOUCHERNUMBERSERIES>Default</VOUCHERNUMBERSERIES>
  <GSTREGISTRATION>Not Applicable</GSTREGISTRATION>
  <ISCANCELLED>false</ISCANCELLED>
  <OVRDNEWAYBILLAPPLICABILITY>false</OVRDNEWAYBILLAPPLICABILITY>
  <ALLLEDGERENTRIES.LIST>
   <INDEXNUMBER>1</INDEXNUMBER>
   <LEDGERNAME>Telephone Link Ltd.,</LEDGERNAME>
   <VCHLEDGERTYPE>Others</VCHLEDGERTYPE>
   <ISDEEMEDPOSITIVE>true</ISDEEMEDPOSITIVE>
   <ISPARTYLEDGER>true</ISPARTYLEDGER>
   <AMOUNT>
    <AMOUNT>758.43</AMOUNT>
    <CURRENCY>₹</CURRENCY>
    <FOREXSYMBOL>- * -</FOREXSYMBOL>
    <ISDEBIT>true</ISDEBIT>
   </AMOUNT>
   <BILLALLOCATIONS.LIST>
    <BILLTYPE>AgstRef</BILLTYPE>
    <NAME>83</NAME>
    <AMOUNT>
     <AMOUNT>758.43</AMOUNT>
     <CURRENCY>₹</CURRENCY>
     <FOREXSYMBOL>- * -</FOREXSYMBOL>
     <ISDEBIT>true</ISDEBIT>
    </AMOUNT>
   </BILLALLOCATIONS.LIST>
  </ALLLEDGERENTRIES.LIST>
  <ALLLEDGERENTRIES.LIST>
   <INDEXNUMBER>2</INDEXNUMBER>
   <LEDGERNAME>HDFC Bank</LEDGERNAME>
   <VCHLEDGERTYPE>Others</VCHLEDGERTYPE>
   <ISDEEMEDPOSITIVE>false</ISDEEMEDPOSITIVE>
   <ISPARTYLEDGER>true</ISPARTYLEDGER>
   <AMOUNT>
    <AMOUNT>758.43</AMOUNT>
    <CURRENCY>₹</CURRENCY>
    <FOREXSYMBOL>- * -</FOREXSYMBOL>
    <ISDEBIT>false</ISDEBIT>
   </AMOUNT>
  </ALLLEDGERENTRIES.LIST>
 </VOUCHER>
 <VOUCHER>
  <GUID>52889497-5b6b-403d-8f83-224e3c7759b4-0000033b</GUID>
  <REMOTEALTGUID>52889497-5b6b-403d-8f83-224e3c7759b4</REMOTEALTGUID>
  <MASTERID>827</MASTERID>
  <ALTERID>6917</ALTERID>
  <ENTEREDBY>A</ENTEREDBY>
  <DATE>2010-02-01</DATE>
  <EFFECTIVEDATE>2010-02-01</EFFECTIVEDATE>
  <VOUCHERTYPENAME>Payment</VOUCHERTYPENAME>
  <PERSISTEDVIEW>AccountingVoucherView</PERSISTEDVIEW>
  <VCHGSTCLASS>Not Applicable</VCHGSTCLASS>
  <ISCOSTCENTRE>false</ISCOSTCENTRE>
  <ISINVOICE>false</ISINVOICE>
  <VOUCHERNUMBER>45</VOUCHERNUMBER>
  <ISOPTIONAL>false</ISOPTIONAL>
  <NARRATION>Ch. No. : 456506  rent paid for the month of janurary 2008</NARRATION>
  <VOUCHERNUMBERSERIES>Default</VOUCHERNUMBERSERIES>
  <GSTREGISTRATION>Not Applicable</GSTREGISTRATION>
  <ISCANCELLED>false</ISCANCELLED>
  <OVRDNEWAYBILLAPPLICABILITY>false</OVRDNEWAYBILLAPPLICABILITY>
  <ALLLEDGERENTRIES.LIST>
   <INDEXNUMBER>1</INDEXNUMBER>
   <LEDGERNAME>Office Rent</LEDGERNAME>
   <VCHLEDGERTYPE>Others</VCHLEDGERTYPE>
   <ISDEEMEDPOSITIVE>true</ISDEEMEDPOSITIVE>
   <ISPARTYLEDGER>false</ISPARTYLEDGER>
   <AMOUNT>
    <AMOUNT>2500</AMOUNT>
    <CURRENCY>₹</CURRENCY>
    <FOREXSYMBOL>- * -</FOREXSYMBOL>
    <ISDEBIT>true</ISDEBIT>
   </AMOUNT>
  </ALLLEDGERENTRIES.LIST>
  <ALLLEDGERENTRIES.LIST>
   <INDEXNUMBER>2</INDEXNUMBER>
   <LEDGERNAME>Canara Bank</LEDGERNAME>
   <VCHLEDGERTYPE>Others</VCHLEDGERTYPE>
   <ISDEEMEDPOSITIVE>false</ISDEEMEDPOSITIVE>
   <ISPARTYLEDGER>true</ISPARTYLEDGER>
   <AMOUNT>
    <AMOUNT>2500</AMOUNT>
    <CURRENCY>₹</CURRENCY>
    <FOREXSYMBOL>- * -</FOREXSYMBOL>
    <ISDEBIT>false</ISDEBIT>
   </AMOUNT>
  </ALLLEDGERENTRIES.LIST>
 </VOUCHER>
 <VOUCHER>
  <GUID>52889497-5b6b-403d-8f83-224e3c7759b4-000011fa</GUID>
  <REMOTEALTGUID>52889497-5b6b-403d-8f83-224e3c7759b4</REMOTEALTGUID>
  <MASTERID>4602</MASTERID>
  <ALTERID>6919</ALTERID>
  <ENTEREDBY>A</ENTEREDBY>
  <DATE>2010-02-01</DATE>
  <EFFECTIVEDATE>2010-02-01</EFFECTIVEDATE>
  <VOUCHERTYPENAME>Payment</VOUCHERTYPENAME>
  <PERSISTEDVIEW>AccountingVoucherView</PERSISTEDVIEW>
  <VCHGSTCLASS>Not Applicable</VCHGSTCLASS>
  <ISCOSTCENTRE>false</ISCOSTCENTRE>
  <ISINVOICE>false</ISINVOICE>
  <VOUCHERNUMBER>46</VOUCHERNUMBER>
  <ISOPTIONAL>false</ISOPTIONAL>
  <NARRATION>Monthly instalment paid</NARRATION>
  <VOUCHERNUMBERSERIES>Default</VOUCHERNUMBERSERIES>
  <GSTREGISTRATION>Not Applicable</GSTREGISTRATION>
  <ISCANCELLED>false</ISCANCELLED>
  <OVRDNEWAYBILLAPPLICABILITY>false</OVRDNEWAYBILLAPPLICABILITY>
  <ALLLEDGERENTRIES.LIST>
   <INDEXNUMBER>1</INDEXNUMBER>
   <LEDGERNAME>Maruthi Bankers</LEDGERNAME>
   <VCHLEDGERTYPE>Others</VCHLEDGERTYPE>
   <ISDEEMEDPOSITIVE>true</ISDEEMEDPOSITIVE>
   <ISPARTYLEDGER>false</ISPARTYLEDGER>
   <AMOUNT>
    <AMOUNT>4000</AMOUNT>
    <CURRENCY>₹</CURRENCY>
    <FOREXSYMBOL>- * -</FOREXSYMBOL>
    <ISDEBIT>true</ISDEBIT>
   </AMOUNT>
   <BILLALLOCATIONS.LIST>
    <BILLTYPE>OnAccount</BILLTYPE>
    <AMOUNT>
     <AMOUNT>4000</AMOUNT>
     <CURRENCY>₹</CURRENCY>
     <FOREXSYMBOL>- * -</FOREXSYMBOL>
     <ISDEBIT>true</ISDEBIT>
    </AMOUNT>
   </BILLALLOCATIONS.LIST>
  </ALLLEDGERENTRIES.LIST>
  <ALLLEDGERENTRIES.LIST>
   <INDEXNUMBER>2</INDEXNUMBER>
   <LEDGERNAME>Cash</LEDGERNAME>
   <VCHLEDGERTYPE>Others</VCHLEDGERTYPE>
   <ISDEEMEDPOSITIVE>false</ISDEEMEDPOSITIVE>
   <ISPARTYLEDGER>true</ISPARTYLEDGER>
   <AMOUNT>
    <AMOUNT>4000</AMOUNT>
    <CURRENCY>₹</CURRENCY>
    <FOREXSYMBOL>- * -</FOREXSYMBOL>
    <ISDEBIT>false</ISDEBIT>
   </AMOUNT>
  </ALLLEDGERENTRIES.LIST>
 </VOUCHER>
 <VOUCHER>
  <GUID>52889497-5b6b-403d-8f83-224e3c7759b4-000011fc</GUID>
  <REMOTEALTGUID>52889497-5b6b-403d-8f83-224e3c7759b4</REMOTEALTGUID>
  <MASTERID>4604</MASTERID>
  <ALTERID>6922</ALTERID>
  <ENTEREDBY>A</ENTEREDBY>
  <DATE>2010-02-02</DATE>
  <EFFECTIVEDATE>2010-02-02</EFFECTIVEDATE>
  <VOUCHERTYPENAME>Payment</VOUCHERTYPENAME>
  <PERSISTEDVIEW>AccountingVoucherView</PERSISTEDVIEW>
  <VCHGSTCLASS>Not Applicable</VCHGSTCLASS>
  <ISCOSTCENTRE>false</ISCOSTCENTRE>
  <ISINVOICE>false</ISINVOICE>
  <VOUCHERNUMBER>47</VOUCHERNUMBER>
  <ISOPTIONAL>false</ISOPTIONAL>
  <NARRATION>Monthly instalment paid</NARRATION>
  <VOUCHERNUMBERSERIES>Default</VOUCHERNUMBERSERIES>
  <GSTREGISTRATION>Not Applicable</GSTREGISTRATION>
  <ISCANCELLED>false</ISCANCELLED>
  <OVRDNEWAYBILLAPPLICABILITY>false</OVRDNEWAYBILLAPPLICABILITY>
  <ALLLEDGERENTRIES.LIST>
   <INDEXNUMBER>1</INDEXNUMBER>
   <LEDGERNAME>Maruthi Bankers</LEDGERNAME>
   <VCHLEDGERTYPE>Others</VCHLEDGERTYPE>
   <ISDEEMEDPOSITIVE>true</ISDEEMEDPOSITIVE>
   <ISPARTYLEDGER>false</ISPARTYLEDGER>
   <AMOUNT>
    <AMOUNT>4000</AMOUNT>
    <CURRENCY>₹</CURRENCY>
    <FOREXSYMBOL>- * -</FOREXSYMBOL>
    <ISDEBIT>true</ISDEBIT>
   </AMOUNT>
   <BILLALLOCATIONS.LIST>
    <BILLTYPE>OnAccount</BILLTYPE>
    <AMOUNT>
     <AMOUNT>4000</AMOUNT>
     <CURRENCY>₹</CURRENCY>
     <FOREXSYMBOL>- * -</FOREXSYMBOL>
     <ISDEBIT>true</ISDEBIT>
    </AMOUNT>
   </BILLALLOCATIONS.LIST>
  </ALLLEDGERENTRIES.LIST>
  <ALLLEDGERENTRIES.LIST>
   <INDEXNUMBER>2</INDEXNUMBER>
   <LEDGERNAME>Cash</LEDGERNAME>
   <VCHLEDGERTYPE>Others</VCHLEDGERTYPE>
   <ISDEEMEDPOSITIVE>false</ISDEEMEDPOSITIVE>
   <ISPARTYLEDGER>true</ISPARTYLEDGER>
   <AMOUNT>
    <AMOUNT>4000</AMOUNT>
    <CURRENCY>₹</CURRENCY>
    <FOREXSYMBOL>- * -</FOREXSYMBOL>
    <ISDEBIT>false</ISDEBIT>
   </AMOUNT>
  </ALLLEDGERENTRIES.LIST>
 </VOUCHER>
 <VOUCHER>
  <GUID>52889497-5b6b-403d-8f83-224e3c7759b4-000011fd</GUID>
  <REMOTEALTGUID>52889497-5b6b-403d-8f83-224e3c7759b4</REMOTEALTGUID>
  <MASTERID>4605</MASTERID>
  <ALTERID>6923</ALTERID>
  <ENTEREDBY>A</ENTEREDBY>
  <DATE>2010-02-03</DATE>
  <EFFECTIVEDATE>2010-02-03</EFFECTIVEDATE>
  <VOUCHERTYPENAME>Payment</VOUCHERTYPENAME>
  <PERSISTEDVIEW>AccountingVoucherView</PERSISTEDVIEW>
  <VCHGSTCLASS>Not Applicable</VCHGSTCLASS>
  <ISCOSTCENTRE>false</ISCOSTCENTRE>
  <ISINVOICE>false</ISINVOICE>
  <VOUCHERNUMBER>48</VOUCHERNUMBER>
  <ISOPTIONAL>false</ISOPTIONAL>
  <NARRATION>February month instalment paid</NARRATION>
  <VOUCHERNUMBERSERIES>Default</VOUCHERNUMBERSERIES>
  <GSTREGISTRATION>Not Applicable</GSTREGISTRATION>
  <ISCANCELLED>false</ISCANCELLED>
  <OVRDNEWAYBILLAPPLICABILITY>false</OVRDNEWAYBILLAPPLICABILITY>
  <ALLLEDGERENTRIES.LIST>
   <INDEXNUMBER>1</INDEXNUMBER>
   <LEDGERNAME>Sri Vari Financiers</LEDGERNAME>
   <VCHLEDGERTYPE>Others</VCHLEDGERTYPE>
   <ISDEEMEDPOSITIVE>true</ISDEEMEDPOSITIVE>
   <ISPARTYLEDGER>false</ISPARTYLEDGER>
   <AMOUNT>
    <AMOUNT>7500</AMOUNT>
    <CURRENCY>₹</CURRENCY>
    <FOREXSYMBOL>- * -</FOREXSYMBOL>
    <ISDEBIT>true</ISDEBIT>
   </AMOUNT>
   <BILLALLOCATIONS.LIST>
    <BILLTYPE>AgstRef</BILLTYPE>
    <NAME>903</NAME>
    <AMOUNT>
     <AMOUNT>7500</AMOUNT>
     <CURRENCY>₹</CURRENCY>
     <FOREXSYMBOL>- * -</FOREXSYMBOL>
     <ISDEBIT>true</ISDEBIT>
    </AMOUNT>
   </BILLALLOCATIONS.LIST>
  </ALLLEDGERENTRIES.LIST>
  <ALLLEDGERENTRIES.LIST>
   <INDEXNUMBER>2</INDEXNUMBER>
   <LEDGERNAME>Cash</LEDGERNAME>
   <VCHLEDGERTYPE>Others</VCHLEDGERTYPE>
   <ISDEEMEDPOSITIVE>false</ISDEEMEDPOSITIVE>
   <ISPARTYLEDGER>true</ISPARTYLEDGER>
   <AMOUNT>
    <AMOUNT>7500</AMOUNT>
    <CURRENCY>₹</CURRENCY>
    <FOREXSYMBOL>- * -</FOREXSYMBOL>
    <ISDEBIT>false</ISDEBIT>
   </AMOUNT>
  </ALLLEDGERENTRIES.LIST>
 </VOUCHER>
 <VOUCHER>
  <GUID>52889497-5b6b-403d-8f83-224e3c7759b4-000011ff</GUID>
  <REMOTEALTGUID>52889497-5b6b-403d-8f83-224e3c7759b4</REMOTEALTGUID>
  <MASTERID>4607</MASTERID>
  <ALTERID>6925</ALTERID>
  <ENTEREDBY>A</ENTEREDBY>
  <DATE>2010-02-03</DATE>
  <EFFECTIVEDATE>2010-02-03</EFFECTIVEDATE>
  <VOUCHERTYPENAME>Payment</VOUCHERTYPENAME>
  <PERSISTEDVIEW>AccountingVoucherView</PERSISTEDVIEW>
  <VCHGSTCLASS>Not Applicable</VCHGSTCLASS>
  <ISCOSTCENTRE>false</ISCOSTCENTRE>
  <ISINVOICE>false</ISINVOICE>
  <VOUCHERNUMBER>49</VOUCHERNUMBER>
  <ISOPTIONAL>false</ISOPTIONAL>
  <NARRATION>Monthly instalment paid</NARRATION>
  <VOUCHERNUMBERSERIES>Default</VOUCHERNUMBERSERIES>
  <GSTREGISTRATION>Not Applicable</GSTREGISTRATION>
  <ISCANCELLED>false</ISCANCELLED>
  <OVRDNEWAYBILLAPPLICABILITY>false</OVRDNEWAYBILLAPPLICABILITY>
  <ALLLEDGERENTRIES.LIST>
   <INDEXNUMBER>1</INDEXNUMBER>
   <LEDGERNAME>Maruthi Bankers</LEDGERNAME>
   <VCHLEDGERTYPE>Others</VCHLEDGERTYPE>
   <ISDEEMEDPOSITIVE>true</ISDEEMEDPOSITIVE>
   <ISPARTYLEDGER>false</ISPARTYLEDGER>
   <AMOUNT>
    <AMOUNT>4000</AMOUNT>
    <CURRENCY>₹</CURRENCY>
    <FOREXSYMBOL>- * -</FOREXSYMBOL>
    <ISDEBIT>true</ISDEBIT>
   </AMOUNT>
   <BILLALLOCATIONS.LIST>
    <BILLTYPE>OnAccount</BILLTYPE>
    <AMOUNT>
     <AMOUNT>4000</AMOUNT>
     <CURRENCY>₹</CURRENCY>
     <FOREXSYMBOL>- * -</FOREXSYMBOL>
     <ISDEBIT>true</ISDEBIT>
    </AMOUNT>
   </BILLALLOCATIONS.LIST>
  </ALLLEDGERENTRIES.LIST>
  <ALLLEDGERENTRIES.LIST>
   <INDEXNUMBER>2</INDEXNUMBER>
   <LEDGERNAME>Cash</LEDGERNAME>
   <VCHLEDGERTYPE>Others</VCHLEDGERTYPE>
   <ISDEEMEDPOSITIVE>false</ISDEEMEDPOSITIVE>
   <ISPARTYLEDGER>true</ISPARTYLEDGER>
   <AMOUNT>
    <AMOUNT>4000</AMOUNT>
    <CURRENCY>₹</CURRENCY>
    <FOREXSYMBOL>- * -</FOREXSYMBOL>
    <ISDEBIT>false</ISDEBIT>
   </AMOUNT>
  </ALLLEDGERENTRIES.LIST>
 </VOUCHER>
 <VOUCHER>
  <GUID>52889497-5b6b-403d-8f83-224e3c7759b4-00001200</GUID>
  <REMOTEALTGUID>52889497-5b6b-403d-8f83-224e3c7759b4</REMOTEALTGUID>
  <MASTERID>4608</MASTERID>
  <ALTERID>6926</ALTERID>
  <ENTEREDBY>A</ENTEREDBY>
  <DATE>2010-02-04</DATE>
  <EFFECTIVEDATE>2010-02-04</EFFECTIVEDATE>
  <VOUCHERTYPENAME>Payment</VOUCHERTYPENAME>
  <PERSISTEDVIEW>AccountingVoucherView</PERSISTEDVIEW>
  <VCHGSTCLASS>Not Applicable</VCHGSTCLASS>
  <ISCOSTCENTRE>false</ISCOSTCENTRE>
  <ISINVOICE>false</ISINVOICE>
  <VOUCHERNUMBER>50</VOUCHERNUMBER>
  <ISOPTIONAL>false</ISOPTIONAL>
  <NARRATION>February month installment paid</NARRATION>
  <VOUCHERNUMBERSERIES>Default</VOUCHERNUMBERSERIES>
  <GSTREGISTRATION>Not Applicable</GSTREGISTRATION>
  <ISCANCELLED>false</ISCANCELLED>
  <OVRDNEWAYBILLAPPLICABILITY>false</OVRDNEWAYBILLAPPLICABILITY>
  <ALLLEDGERENTRIES.LIST>
   <INDEXNUMBER>1</INDEXNUMBER>
   <LEDGERNAME>Maruthi Bankers</LEDGERNAME>
   <VCHLEDGERTYPE>Others</VCHLEDGERTYPE>
   <ISDEEMEDPOSITIVE>true</ISDEEMEDPOSITIVE>
   <ISPARTYLEDGER>false</ISPARTYLEDGER>
   <AMOUNT>
    <AMOUNT>3000</AMOUNT>
    <CURRENCY>₹</CURRENCY>
    <FOREXSYMBOL>- * -</FOREXSYMBOL>
    <ISDEBIT>true</ISDEBIT>
   </AMOUNT>
   <BILLALLOCATIONS.LIST>
    <BILLTYPE>AgstRef</BILLTYPE>
    <NAME>901</NAME>
    <AMOUNT>
     <AMOUNT>3000</AMOUNT>
     <CURRENCY>₹</CURRENCY>
     <FOREXSYMBOL>- * -</FOREXSYMBOL>
     <ISDEBIT>true</ISDEBIT>
    </AMOUNT>
   </BILLALLOCATIONS.LIST>
  </ALLLEDGERENTRIES.LIST>
  <ALLLEDGERENTRIES.LIST>
   <INDEXNUMBER>2</INDEXNUMBER>
   <LEDGERNAME>Cash</LEDGERNAME>
   <VCHLEDGERTYPE>Others</VCHLEDGERTYPE>
   <ISDEEMEDPOSITIVE>false</ISDEEMEDPOSITIVE>
   <ISPARTYLEDGER>true</ISPARTYLEDGER>
   <AMOUNT>
    <AMOUNT>3000</AMOUNT>
    <CURRENCY>₹</CURRENCY>
    <FOREXSYMBOL>- * -</FOREXSYMBOL>
    <ISDEBIT>false</ISDEBIT>
   </AMOUNT>
  </ALLLEDGERENTRIES.LIST>
 </VOUCHER>
 <VOUCHER>
  <GUID>52889497-5b6b-403d-8f83-224e3c7759b4-00001203</GUID>
  <REMOTEALTGUID>52889497-5b6b-403d-8f83-224e3c7759b4</REMOTEALTGUID>
  <MASTERID>4611</MASTERID>
  <ALTERID>6929</ALTERID>
  <ENTEREDBY>A</ENTEREDBY>
  <DATE>2010-02-04</DATE>
  <EFFECTIVEDATE>2010-02-04</EFFECTIVEDATE>
  <VOUCHERTYPENAME>Payment</VOUCHERTYPENAME>
  <PERSISTEDVIEW>AccountingVoucherView</PERSISTEDVIEW>
  <VCHGSTCLASS>Not Applicable</VCHGSTCLASS>
  <ISCOSTCENTRE>false</ISCOSTCENTRE>
  <ISINVOICE>false</ISINVOICE>
  <VOUCHERNUMBER>51</VOUCHERNUMBER>
  <ISOPTIONAL>false</ISOPTIONAL>
  <NARRATION>Monthly instalment paid</NARRATION>
  <VOUCHERNUMBERSERIES>Default</VOUCHERNUMBERSERIES>
  <GSTREGISTRATION>Not Applicable</GSTREGISTRATION>
  <ISCANCELLED>false</ISCANCELLED>
  <OVRDNEWAYBILLAPPLICABILITY>false</OVRDNEWAYBILLAPPLICABILITY>
  <ALLLEDGERENTRIES.LIST>
   <INDEXNUMBER>1</INDEXNUMBER>
   <LEDGERNAME>Maruthi Bankers</LEDGERNAME>
   <VCHLEDGERTYPE>Others</VCHLEDGERTYPE>
   <ISDEEMEDPOSITIVE>true</ISDEEMEDPOSITIVE>
   <ISPARTYLEDGER>false</ISPARTYLEDGER>
   <AMOUNT>
    <AMOUNT>3000</AMOUNT>
    <CURRENCY>₹</CURRENCY>
    <FOREXSYMBOL>- * -</FOREXSYMBOL>
    <ISDEBIT>true</ISDEBIT>
   </AMOUNT>
   <BILLALLOCATIONS.LIST>
    <BILLTYPE>OnAccount</BILLTYPE>
    <AMOUNT>
     <AMOUNT>3000</AMOUNT>
     <CURRENCY>₹</CURRENCY>
     <FOREXSYMBOL>- * -</FOREXSYMBOL>
     <ISDEBIT>true</ISDEBIT>
    </AMOUNT>
   </BILLALLOCATIONS.LIST>
  </ALLLEDGERENTRIES.LIST>
  <ALLLEDGERENTRIES.LIST>
   <INDEXNUMBER>2</INDEXNUMBER>
   <LEDGERNAME>Cash</LEDGERNAME>
   <VCHLEDGERTYPE>Others</VCHLEDGERTYPE>
   <ISDEEMEDPOSITIVE>false</ISDEEMEDPOSITIVE>
   <ISPARTYLEDGER>true</ISPARTYLEDGER>
   <AMOUNT>
    <AMOUNT>3000</AMOUNT>
    <CURRENCY>₹</CURRENCY>
    <FOREXSYMBOL>- * -</FOREXSYMBOL>
    <ISDEBIT>false</ISDEBIT>
   </AMOUNT>
  </ALLLEDGERENTRIES.LIST>
 </VOUCHER>
 <VOUCHER>
  <GUID>52889497-5b6b-403d-8f83-224e3c7759b4-0000033f</GUID>
  <REMOTEALTGUID>52889497-5b6b-403d-8f83-224e3c7759b4</REMOTEALTGUID>
  <MASTERID>831</MASTERID>
  <ALTERID>6931</ALTERID>
  <ENTEREDBY>A</ENTEREDBY>
  <DATE>2010-02-05</DATE>
  <EFFECTIVEDATE>2010-02-05</EFFECTIVEDATE>
  <VOUCHERTYPENAME>Payment</VOUCHERTYPENAME>
  <PERSISTEDVIEW>AccountingVoucherView</PERSISTEDVIEW>
  <VCHGSTCLASS>Not Applicable</VCHGSTCLASS>
  <ISCOSTCENTRE>false</ISCOSTCENTRE>
  <ISINVOICE>false</ISINVOICE>
  <VOUCHERNUMBER>52</VOUCHERNUMBER>
  <ISOPTIONAL>false</ISOPTIONAL>
  <NARRATION>Ch. No. :     456507 Being Amount paid.</NARRATION>
  <PARTYNAME>Challenger Systems</PARTYNAME>
  <VOUCHERNUMBERSERIES>Default</VOUCHERNUMBERSERIES>
  <GSTREGISTRATION>Not Applicable</GSTREGISTRATION>
  <BASICBUYERNAME>Global Enterprises</BASICBUYERNAME>
  <ISCANCELLED>false</ISCANCELLED>
  <OVRDNEWAYBILLAPPLICABILITY>false</OVRDNEWAYBILLAPPLICABILITY>
  <ALLLEDGERENTRIES.LIST>
   <INDEXNUMBER>1</INDEXNUMBER>
   <LEDGERNAME>Maruthi Traders</LEDGERNAME>
   <VCHLEDGERTYPE>Others</VCHLEDGERTYPE>
   <ISDEEMEDPOSITIVE>true</ISDEEMEDPOSITIVE>
   <ISPARTYLEDGER>true</ISPARTYLEDGER>
   <AMOUNT>
    <AMOUNT>200000</AMOUNT>
    <CURRENCY>₹</CURRENCY>
    <FOREXSYMBOL>- * -</FOREXSYMBOL>
    <ISDEBIT>true</ISDEBIT>
   </AMOUNT>
   <BILLALLOCATIONS.LIST>
    <BILLTYPE>NewRef</BILLTYPE>
    <NAME>MT/108</NAME>
    <BILLCREDITPERIOD>
     <DUEONDATE>2010-03-07</DUEONDATE>
     <INDAYS>30</INDAYS>
     <INTEXT>30 Days</INTEXT>
    </BILLCREDITPERIOD>
    <AMOUNT>
     <AMOUNT>56066</AMOUNT>
     <CURRENCY>₹</CURRENCY>
     <FOREXSYMBOL>- * -</FOREXSYMBOL>
     <ISDEBIT>true</ISDEBIT>
    </AMOUNT>
   </BILLALLOCATIONS.LIST>
   <BILLALLOCATIONS.LIST>
    <BILLTYPE>AgstRef</BILLTYPE>
    <NAME>MT/89</NAME>
    <BILLCREDITPERIOD>
     <DUEONDATE>2010-02-07</DUEONDATE>
     <INDAYS>30</INDAYS>
     <INTEXT>30 Days</INTEXT>
    </BILLCREDITPERIOD>
    <AMOUNT>
     <AMOUNT>143934</AMOUNT>
     <CURRENCY>₹</CURRENCY>
     <FOREXSYMBOL>- * -</FOREXSYMBOL>
     <ISDEBIT>true</ISDEBIT>
    </AMOUNT>
   </BILLALLOCATIONS.LIST>
  </ALLLEDGERENTRIES.LIST>
  <ALLLEDGERENTRIES.LIST>
   <INDEXNUMBER>2</INDEXNUMBER>
   <LEDGERNAME>Canara Bank</LEDGERNAME>
   <VCHLEDGERTYPE>Others</VCHLEDGERTYPE>
   <ISDEEMEDPOSITIVE>false</ISDEEMEDPOSITIVE>
   <ISPARTYLEDGER>true</ISPARTYLEDGER>
   <AMOUNT>
    <AMOUNT>200000</AMOUNT>
    <CURRENCY>₹</CURRENCY>
    <FOREXSYMBOL>- * -</FOREXSYMBOL>
    <ISDEBIT>false</ISDEBIT>
   </AMOUNT>
  </ALLLEDGERENTRIES.LIST>
 </VOUCHER>
 <VOUCHER>
  <GUID>52889497-5b6b-403d-8f83-224e3c7759b4-00000340</GUID>
  <REMOTEALTGUID>52889497-5b6b-403d-8f83-224e3c7759b4</REMOTEALTGUID>
  <MASTERID>832</MASTERID>
  <ALTERID>6932</ALTERID>
  <ENTEREDBY>A</ENTEREDBY>
  <DATE>2010-02-05</DATE>
  <EFFECTIVEDATE>2010-02-05</EFFECTIVEDATE>
  <VOUCHERTYPENAME>Payment</VOUCHERTYPENAME>
  <PERSISTEDVIEW>AccountingVoucherView</PERSISTEDVIEW>
  <VCHGSTCLASS>Not Applicable</VCHGSTCLASS>
  <ISCOSTCENTRE>false</ISCOSTCENTRE>
  <ISINVOICE>false</ISINVOICE>
  <VOUCHERNUMBER>53</VOUCHERNUMBER>
  <ISOPTIONAL>false</ISOPTIONAL>
  <NARRATION>Ch. No.1000200 paid to NextGen systems.</NARRATION>
  <VOUCHERNUMBERSERIES>Default</VOUCHERNUMBERSERIES>
  <GSTREGISTRATION>Not Applicable</GSTREGISTRATION>
  <ISCANCELLED>false</ISCANCELLED>
  <OVRDNEWAYBILLAPPLICABILITY>false</OVRDNEWAYBILLAPPLICABILITY>
  <ALLLEDGERENTRIES.LIST>
   <INDEXNUMBER>1</INDEXNUMBER>
   <LEDGERNAME>NextGen Systems</LEDGERNAME>
   <VCHLEDGERTYPE>Others</VCHLEDGERTYPE>
   <ISDEEMEDPOSITIVE>true</ISDEEMEDPOSITIVE>
   <ISPARTYLEDGER>true</ISPARTYLEDGER>
   <AMOUNT>
    <AMOUNT>700000</AMOUNT>
    <CURRENCY>₹</CURRENCY>
    <FOREXSYMBOL>- * -</FOREXSYMBOL>
    <ISDEBIT>true</ISDEBIT>
   </AMOUNT>
   <BILLALLOCATIONS.LIST>
    <BILLTYPE>NewRef</BILLTYPE>
    <NAME>NG/1236</NAME>
    <BILLCREDITPERIOD>
     <DUEONDATE>2010-03-07</DUEONDATE>
     <INDAYS>30</INDAYS>
     <INTEXT>30 Days</INTEXT>
    </BILLCREDITPERIOD>
    <AMOUNT>
     <AMOUNT>224000</AMOUNT>
     <CURRENCY>₹</CURRENCY>
     <FOREXSYMBOL>- * -</FOREXSYMBOL>
     <ISDEBIT>true</ISDEBIT>
    </AMOUNT>
   </BILLALLOCATIONS.LIST>
   <BILLALLOCATIONS.LIST>
    <BILLTYPE>AgstRef</BILLTYPE>
    <NAME>NG/1352</NAME>
    <BILLCREDITPERIOD>
     <DUEONDATE>2010-02-04</DUEONDATE>
     <INDAYS>30</INDAYS>
     <INTEXT>30 Days</INTEXT>
    </BILLCREDITPERIOD>
    <AMOUNT>
     <AMOUNT>476000</AMOUNT>
     <CURRENCY>₹</CURRENCY>
     <FOREXSYMBOL>- * -</FOREXSYMBOL>
     <ISDEBIT>true</ISDEBIT>
    </AMOUNT>
   </BILLALLOCATIONS.LIST>
  </ALLLEDGERENTRIES.LIST>
  <ALLLEDGERENTRIES.LIST>
   <INDEXNUMBER>2</INDEXNUMBER>
   <LEDGERNAME>HDFC Bank</LEDGERNAME>
   <VCHLEDGERTYPE>Others</VCHLEDGERTYPE>
   <ISDEEMEDPOSITIVE>false</ISDEEMEDPOSITIVE>
   <ISPARTYLEDGER>true</ISPARTYLEDGER>
   <AMOUNT>
    <AMOUNT>700000</AMOUNT>
    <CURRENCY>₹</CURRENCY>
    <FOREXSYMBOL>- * -</FOREXSYMBOL>
    <ISDEBIT>false</ISDEBIT>
   </AMOUNT>
  </ALLLEDGERENTRIES.LIST>
 </VOUCHER>
 <VOUCHER>
  <GUID>52889497-5b6b-403d-8f83-224e3c7759b4-00000341</GUID>
  <REMOTEALTGUID>52889497-5b6b-403d-8f83-224e3c7759b4</REMOTEALTGUID>
  <MASTERID>833</MASTERID>
  <ALTERID>6933</ALTERID>
  <ENTEREDBY>A</ENTEREDBY>
  <DATE>2010-02-05</DATE>
  <EFFECTIVEDATE>2010-02-05</EFFECTIVEDATE>
  <VOUCHERTYPENAME>Payment</VOUCHERTYPENAME>
  <PERSISTEDVIEW>AccountingVoucherView</PERSISTEDVIEW>
  <VCHGSTCLASS>Not Applicable</VCHGSTCLASS>
  <ISCOSTCENTRE>false</ISCOSTCENTRE>
  <ISINVOICE>false</ISINVOICE>
  <VOUCHERNUMBER>54</VOUCHERNUMBER>
  <ISOPTIONAL>false</ISOPTIONAL>
  <NARRATION>car hire charges for local csutomer visit</NARRATION>
  <VOUCHERNUMBERSERIES>Default</VOUCHERNUMBERSERIES>
  <GSTREGISTRATION>Not Applicable</GSTREGISTRATION>
  <ISCANCELLED>false</ISCANCELLED>
  <OVRDNEWAYBILLAPPLICABILITY>false</OVRDNEWAYBILLAPPLICABILITY>
  <ALLLEDGERENTRIES.LIST>
   <INDEXNUMBER>1</INDEXNUMBER>
   <LEDGERNAME>Travelling &amp; Conveyance</LEDGERNAME>
   <VCHLEDGERTYPE>Others</VCHLEDGERTYPE>
   <ISDEEMEDPOSITIVE>true</ISDEEMEDPOSITIVE>
   <ISPARTYLEDGER>false</ISPARTYLEDGER>
   <AMOUNT>
    <AMOUNT>2103</AMOUNT>
    <CURRENCY>₹</CURRENCY>
    <FOREXSYMBOL>- * -</FOREXSYMBOL>
    <ISDEBIT>true</ISDEBIT>
   </AMOUNT>
  </ALLLEDGERENTRIES.LIST>
  <ALLLEDGERENTRIES.LIST>
   <INDEXNUMBER>2</INDEXNUMBER>
   <LEDGERNAME>Cash</LEDGERNAME>
   <VCHLEDGERTYPE>Others</VCHLEDGERTYPE>
   <ISDEEMEDPOSITIVE>false</ISDEEMEDPOSITIVE>
   <ISPARTYLEDGER>true</ISPARTYLEDGER>
   <AMOUNT>
    <AMOUNT>2103</AMOUNT>
    <CURRENCY>₹</CURRENCY>
    <FOREXSYMBOL>- * -</FOREXSYMBOL>
    <ISDEBIT>false</ISDEBIT>
   </AMOUNT>
  </ALLLEDGERENTRIES.LIST>
 </VOUCHER>
 <VOUCHER>
  <GUID>52889497-5b6b-403d-8f83-224e3c7759b4-00001205</GUID>
  <REMOTEALTGUID>52889497-5b6b-403d-8f83-224e3c7759b4</REMOTEALTGUID>
  <MASTERID>4613</MASTERID>
  <ALTERID>6935</ALTERID>
  <ENTEREDBY>A</ENTEREDBY>
  <DATE>2010-02-05</DATE>
  <EFFECTIVEDATE>2010-02-05</EFFECTIVEDATE>
  <VOUCHERTYPENAME>Payment</VOUCHERTYPENAME>
  <PERSISTEDVIEW>AccountingVoucherView</PERSISTEDVIEW>
  <VCHGSTCLASS>Not Applicable</VCHGSTCLASS>
  <ISCOSTCENTRE>false</ISCOSTCENTRE>
  <ISINVOICE>false</ISINVOICE>
  <VOUCHERNUMBER>55</VOUCHERNUMBER>
  <ISOPTIONAL>false</ISOPTIONAL>
  <NARRATION>Monthly instalment paid</NARRATION>
  <VOUCHERNUMBERSERIES>Default</VOUCHERNUMBERSERIES>
  <GSTREGISTRATION>Not Applicable</GSTREGISTRATION>
  <ISCANCELLED>false</ISCANCELLED>
  <OVRDNEWAYBILLAPPLICABILITY>false</OVRDNEWAYBILLAPPLICABILITY>
  <ALLLEDGERENTRIES.LIST>
   <INDEXNUMBER>1</INDEXNUMBER>
   <LEDGERNAME>Sri Vari Financiers</LEDGERNAME>
   <VCHLEDGERTYPE>Others</VCHLEDGERTYPE>
   <ISDEEMEDPOSITIVE>true</ISDEEMEDPOSITIVE>
   <ISPARTYLEDGER>false</ISPARTYLEDGER>
   <AMOUNT>
    <AMOUNT>3000</AMOUNT>
    <CURRENCY>₹</CURRENCY>
    <FOREXSYMBOL>- * -</FOREXSYMBOL>
    <ISDEBIT>true</ISDEBIT>
   </AMOUNT>
   <BILLALLOCATIONS.LIST>
    <BILLTYPE>OnAccount</BILLTYPE>
    <AMOUNT>
     <AMOUNT>3000</AMOUNT>
     <CURRENCY>₹</CURRENCY>
     <FOREXSYMBOL>- * -</FOREXSYMBOL>
     <ISDEBIT>true</ISDEBIT>
    </AMOUNT>
   </BILLALLOCATIONS.LIST>
  </ALLLEDGERENTRIES.LIST>
  <ALLLEDGERENTRIES.LIST>
   <INDEXNUMBER>2</INDEXNUMBER>
   <LEDGERNAME>Cash</LEDGERNAME>
   <VCHLEDGERTYPE>Others</VCHLEDGERTYPE>
   <ISDEEMEDPOSITIVE>false</ISDEEMEDPOSITIVE>
   <ISPARTYLEDGER>true</ISPARTYLEDGER>
   <AMOUNT>
    <AMOUNT>3000</AMOUNT>
    <CURRENCY>₹</CURRENCY>
    <FOREXSYMBOL>- * -</FOREXSYMBOL>
    <ISDEBIT>false</ISDEBIT>
   </AMOUNT>
  </ALLLEDGERENTRIES.LIST>
 </VOUCHER>
 <VOUCHER>
  <GUID>52889497-5b6b-403d-8f83-224e3c7759b4-00000342</GUID>
  <REMOTEALTGUID>52889497-5b6b-403d-8f83-224e3c7759b4</REMOTEALTGUID>
  <MASTERID>834</MASTERID>
  <ALTERID>6936</ALTERID>
  <ENTEREDBY>A</ENTEREDBY>
  <DATE>2010-02-06</DATE>
  <EFFECTIVEDATE>2010-02-06</EFFECTIVEDATE>
  <VOUCHERTYPENAME>Payment</VOUCHERTYPENAME>
  <PERSISTEDVIEW>AccountingVoucherView</PERSISTEDVIEW>
  <VCHGSTCLASS>Not Applicable</VCHGSTCLASS>
  <ISCOSTCENTRE>false</ISCOSTCENTRE>
  <ISINVOICE>false</ISINVOICE>
  <VOUCHERNUMBER>56</VOUCHERNUMBER>
  <ISOPTIONAL>false</ISOPTIONAL>
  <NARRATION>paid to shanti sagar for tea coffee supplied for the month of january 2008</NARRATION>
  <VOUCHERNUMBERSERIES>Default</VOUCHERNUMBERSERIES>
  <GSTREGISTRATION>Not Applicable</GSTREGISTRATION>
  <ISCANCELLED>false</ISCANCELLED>
  <OVRDNEWAYBILLAPPLICABILITY>false</OVRDNEWAYBILLAPPLICABILITY>
  <ALLLEDGERENTRIES.LIST>
   <INDEXNUMBER>1</INDEXNUMBER>
   <LEDGERNAME>Staff Welfare Expenses</LEDGERNAME>
   <VCHLEDGERTYPE>Others</VCHLEDGERTYPE>
   <ISDEEMEDPOSITIVE>true</ISDEEMEDPOSITIVE>
   <ISPARTYLEDGER>false</ISPARTYLEDGER>
   <AMOUNT>
    <AMOUNT>620</AMOUNT>
    <CURRENCY>₹</CURRENCY>
    <FOREXSYMBOL>- * -</FOREXSYMBOL>
    <ISDEBIT>true</ISDEBIT>
   </AMOUNT>
  </ALLLEDGERENTRIES.LIST>
  <ALLLEDGERENTRIES.LIST>
   <INDEXNUMBER>2</INDEXNUMBER>
   <LEDGERNAME>Cash</LEDGERNAME>
   <VCHLEDGERTYPE>Others</VCHLEDGERTYPE>
   <ISDEEMEDPOSITIVE>false</ISDEEMEDPOSITIVE>
   <ISPARTYLEDGER>true</ISPARTYLEDGER>
   <AMOUNT>
    <AMOUNT>620</AMOUNT>
    <CURRENCY>₹</CURRENCY>
    <FOREXSYMBOL>- * -</FOREXSYMBOL>
    <ISDEBIT>false</ISDEBIT>
   </AMOUNT>
  </ALLLEDGERENTRIES.LIST>
 </VOUCHER>
 <VOUCHER>
  <GUID>52889497-5b6b-403d-8f83-224e3c7759b4-00001207</GUID>
  <REMOTEALTGUID>52889497-5b6b-403d-8f83-224e3c7759b4</REMOTEALTGUID>
  <MASTERID>4615</MASTERID>
  <ALTERID>6938</ALTERID>
  <ENTEREDBY>A</ENTEREDBY>
  <DATE>2010-02-06</DATE>
  <EFFECTIVEDATE>2010-02-06</EFFECTIVEDATE>
  <VOUCHERTYPENAME>Payment</VOUCHERTYPENAME>
  <PERSISTEDVIEW>AccountingVoucherView</PERSISTEDVIEW>
  <VCHGSTCLASS>Not Applicable</VCHGSTCLASS>
  <ISCOSTCENTRE>false</ISCOSTCENTRE>
  <ISINVOICE>false</ISINVOICE>
  <VOUCHERNUMBER>57</VOUCHERNUMBER>
  <ISOPTIONAL>false</ISOPTIONAL>
  <NARRATION>Monthly instalment paid</NARRATION>
  <VOUCHERNUMBERSERIES>Default</VOUCHERNUMBERSERIES>
  <GSTREGISTRATION>Not Applicable</GSTREGISTRATION>
  <ISCANCELLED>false</ISCANCELLED>
  <OVRDNEWAYBILLAPPLICABILITY>false</OVRDNEWAYBILLAPPLICABILITY>
  <ALLLEDGERENTRIES.LIST>
   <INDEXNUMBER>1</INDEXNUMBER>
   <LEDGERNAME>Sri Vari Financiers</LEDGERNAME>
   <VCHLEDGERTYPE>Others</VCHLEDGERTYPE>
   <ISDEEMEDPOSITIVE>true</ISDEEMEDPOSITIVE>
   <ISPARTYLEDGER>false</ISPARTYLEDGER>
   <AMOUNT>
    <AMOUNT>3000</AMOUNT>
    <CURRENCY>₹</CURRENCY>
    <FOREXSYMBOL>- * -</FOREXSYMBOL>
    <ISDEBIT>true</ISDEBIT>
   </AMOUNT>
   <BILLALLOCATIONS.LIST>
    <BILLTYPE>OnAccount</BILLTYPE>
    <AMOUNT>
     <AMOUNT>3000</AMOUNT>
     <CURRENCY>₹</CURRENCY>
     <FOREXSYMBOL>- * -</FOREXSYMBOL>
     <ISDEBIT>true</ISDEBIT>
    </AMOUNT>
   </BILLALLOCATIONS.LIST>
  </ALLLEDGERENTRIES.LIST>
  <ALLLEDGERENTRIES.LIST>
   <INDEXNUMBER>2</INDEXNUMBER>
   <LEDGERNAME>Cash</LEDGERNAME>
   <VCHLEDGERTYPE>Others</VCHLEDGERTYPE>
   <ISDEEMEDPOSITIVE>false</ISDEEMEDPOSITIVE>
   <ISPARTYLEDGER>true</ISPARTYLEDGER>
   <AMOUNT>
    <AMOUNT>3000</AMOUNT>
    <CURRENCY>₹</CURRENCY>
    <FOREXSYMBOL>- * -</FOREXSYMBOL>
    <ISDEBIT>false</ISDEBIT>
   </AMOUNT>
  </ALLLEDGERENTRIES.LIST>
 </VOUCHER>
 <VOUCHER>
  <GUID>52889497-5b6b-403d-8f83-224e3c7759b4-00000344</GUID>
  <REMOTEALTGUID>52889497-5b6b-403d-8f83-224e3c7759b4</REMOTEALTGUID>
  <MASTERID>836</MASTERID>
  <ALTERID>6940</ALTERID>
  <ENTEREDBY>A</ENTEREDBY>
  <DATE>2010-02-07</DATE>
  <EFFECTIVEDATE>2010-02-07</EFFECTIVEDATE>
  <VOUCHERTYPENAME>Payment</VOUCHERTYPENAME>
  <PERSISTEDVIEW>AccountingVoucherView</PERSISTEDVIEW>
  <VCHGSTCLASS>Not Applicable</VCHGSTCLASS>
  <ISCOSTCENTRE>false</ISCOSTCENTRE>
  <ISINVOICE>false</ISINVOICE>
  <VOUCHERNUMBER>58</VOUCHERNUMBER>
  <ISOPTIONAL>false</ISOPTIONAL>
  <NARRATION>Ch. No. :</NARRATION>
  <VOUCHERNUMBERSERIES>Default</VOUCHERNUMBERSERIES>
  <GSTREGISTRATION>Not Applicable</GSTREGISTRATION>
  <ISCANCELLED>false</ISCANCELLED>
  <OVRDNEWAYBILLAPPLICABILITY>false</OVRDNEWAYBILLAPPLICABILITY>
  <ALLLEDGERENTRIES.LIST>
   <INDEXNUMBER>1</INDEXNUMBER>
   <LEDGERNAME>TCS @ 2.5%</LEDGERNAME>
   <VCHLEDGERTYPE>TCS</VCHLEDGERTYPE>
   <ISDEEMEDPOSITIVE>true</ISDEEMEDPOSITIVE>
   <ISPARTYLEDGER>false</ISPARTYLEDGER>
   <AMOUNT>
    <AMOUNT>41356</AMOUNT>
    <CURRENCY>₹</CURRENCY>
    <FOREXSYMBOL>- * -</FOREXSYMBOL>
    <ISDEBIT>true</ISDEBIT>
   </AMOUNT>
  </ALLLEDGERENTRIES.LIST>
  <ALLLEDGERENTRIES.LIST>
   <INDEXNUMBER>2</INDEXNUMBER>
   <LEDGERNAME>Canara Bank</LEDGERNAME>
   <VCHLEDGERTYPE>Others</VCHLEDGERTYPE>
   <ISDEEMEDPOSITIVE>false</ISDEEMEDPOSITIVE>
   <ISPARTYLEDGER>true</ISPARTYLEDGER>
   <AMOUNT>
    <AMOUNT>41356</AMOUNT>
    <CURRENCY>₹</CURRENCY>
    <FOREXSYMBOL>- * -</FOREXSYMBOL>
    <ISDEBIT>false</ISDEBIT>
   </AMOUNT>
  </ALLLEDGERENTRIES.LIST>
 </VOUCHER>
 <VOUCHER>
  <GUID>52889497-5b6b-403d-8f83-224e3c7759b4-00001209</GUID>
  <REMOTEALTGUID>52889497-5b6b-403d-8f83-224e3c7759b4</REMOTEALTGUID>
  <MASTERID>4617</MASTERID>
  <ALTERID>6942</ALTERID>
  <ENTEREDBY>A</ENTEREDBY>
  <DATE>2010-02-07</DATE>
  <EFFECTIVEDATE>2010-02-07</EFFECTIVEDATE>
  <VOUCHERTYPENAME>Payment</VOUCHERTYPENAME>
  <PERSISTEDVIEW>AccountingVoucherView</PERSISTEDVIEW>
  <VCHGSTCLASS>Not Applicable</VCHGSTCLASS>
  <ISCOSTCENTRE>false</ISCOSTCENTRE>
  <ISINVOICE>false</ISINVOICE>
  <VOUCHERNUMBER>59</VOUCHERNUMBER>
  <ISOPTIONAL>false</ISOPTIONAL>
  <NARRATION>Monthly instalment paid</NARRATION>
  <VOUCHERNUMBERSERIES>Default</VOUCHERNUMBERSERIES>
  <GSTREGISTRATION>Not Applicable</GSTREGISTRATION>
  <ISCANCELLED>false</ISCANCELLED>
  <OVRDNEWAYBILLAPPLICABILITY>false</OVRDNEWAYBILLAPPLICABILITY>
  <ALLLEDGERENTRIES.LIST>
   <INDEXNUMBER>1</INDEXNUMBER>
   <LEDGERNAME>Sri Vari Financiers</LEDGERNAME>
   <VCHLEDGERTYPE>Others</VCHLEDGERTYPE>
   <ISDEEMEDPOSITIVE>true</ISDEEMEDPOSITIVE>
   <ISPARTYLEDGER>false</ISPARTYLEDGER>
   <AMOUNT>
    <AMOUNT>3000</AMOUNT>
    <CURRENCY>₹</CURRENCY>
    <FOREXSYMBOL>- * -</FOREXSYMBOL>
    <ISDEBIT>true</ISDEBIT>
   </AMOUNT>
   <BILLALLOCATIONS.LIST>
    <BILLTYPE>OnAccount</BILLTYPE>
    <AMOUNT>
     <AMOUNT>3000</AMOUNT>
     <CURRENCY>₹</CURRENCY>
     <FOREXSYMBOL>- * -</FOREXSYMBOL>
     <ISDEBIT>true</ISDEBIT>
    </AMOUNT>
   </BILLALLOCATIONS.LIST>
  </ALLLEDGERENTRIES.LIST>
  <ALLLEDGERENTRIES.LIST>
   <INDEXNUMBER>2</INDEXNUMBER>
   <LEDGERNAME>Cash</LEDGERNAME>
   <VCHLEDGERTYPE>Others</VCHLEDGERTYPE>
   <ISDEEMEDPOSITIVE>false</ISDEEMEDPOSITIVE>
   <ISPARTYLEDGER>true</ISPARTYLEDGER>
   <AMOUNT>
    <AMOUNT>3000</AMOUNT>
    <CURRENCY>₹</CURRENCY>
    <FOREXSYMBOL>- * -</FOREXSYMBOL>
    <ISDEBIT>false</ISDEBIT>
   </AMOUNT>
  </ALLLEDGERENTRIES.LIST>
 </VOUCHER>
 <VOUCHER>
  <GUID>52889497-5b6b-403d-8f83-224e3c7759b4-00000347</GUID>
  <REMOTEALTGUID>52889497-5b6b-403d-8f83-224e3c7759b4</REMOTEALTGUID>
  <MASTERID>839</MASTERID>
  <ALTERID>6945</ALTERID>
  <ENTEREDBY>A</ENTEREDBY>
  <DATE>2010-02-08</DATE>
  <EFFECTIVEDATE>2010-02-08</EFFECTIVEDATE>
  <VOUCHERTYPENAME>Payment</VOUCHERTYPENAME>
  <PERSISTEDVIEW>AccountingVoucherView</PERSISTEDVIEW>
  <VCHGSTCLASS>Not Applicable</VCHGSTCLASS>
  <ISCOSTCENTRE>false</ISCOSTCENTRE>
  <ISINVOICE>false</ISINVOICE>
  <VOUCHERNUMBER>60</VOUCHERNUMBER>
  <ISOPTIONAL>false</ISOPTIONAL>
  <NARRATION>Ch. No. :1256001 Being Amount towards transportation charges delivery of materials to customer place.</NARRATION>
  <VOUCHERNUMBERSERIES>Default</VOUCHERNUMBERSERIES>
  <GSTREGISTRATION>Not Applicable</GSTREGISTRATION>
  <ISCANCELLED>false</ISCANCELLED>
  <OVRDNEWAYBILLAPPLICABILITY>false</OVRDNEWAYBILLAPPLICABILITY>
  <ALLLEDGERENTRIES.LIST>
   <INDEXNUMBER>1</INDEXNUMBER>
   <LEDGERNAME>Jet Roadways (P) Ltd.,</LEDGERNAME>
   <VCHLEDGERTYPE>Others</VCHLEDGERTYPE>
   <ISDEEMEDPOSITIVE>true</ISDEEMEDPOSITIVE>
   <ISPARTYLEDGER>true</ISPARTYLEDGER>
   <AMOUNT>
    <AMOUNT>2500</AMOUNT>
    <CURRENCY>₹</CURRENCY>
    <FOREXSYMBOL>- * -</FOREXSYMBOL>
    <ISDEBIT>true</ISDEBIT>
   </AMOUNT>
   <BILLALLOCATIONS.LIST>
    <BILLTYPE>AgstRef</BILLTYPE>
    <NAME>893</NAME>
    <AMOUNT>
     <AMOUNT>2500</AMOUNT>
     <CURRENCY>₹</CURRENCY>
     <FOREXSYMBOL>- * -</FOREXSYMBOL>
     <ISDEBIT>true</ISDEBIT>
    </AMOUNT>
   </BILLALLOCATIONS.LIST>
  </ALLLEDGERENTRIES.LIST>
  <ALLLEDGERENTRIES.LIST>
   <INDEXNUMBER>2</INDEXNUMBER>
   <LEDGERNAME>HDFC Bank</LEDGERNAME>
   <VCHLEDGERTYPE>Others</VCHLEDGERTYPE>
   <ISDEEMEDPOSITIVE>false</ISDEEMEDPOSITIVE>
   <ISPARTYLEDGER>true</ISPARTYLEDGER>
   <AMOUNT>
    <AMOUNT>2500</AMOUNT>
    <CURRENCY>₹</CURRENCY>
    <FOREXSYMBOL>- * -</FOREXSYMBOL>
    <ISDEBIT>false</ISDEBIT>
   </AMOUNT>
  </ALLLEDGERENTRIES.LIST>
 </VOUCHER>
 <VOUCHER>
  <GUID>52889497-5b6b-403d-8f83-224e3c7759b4-0000120b</GUID>
  <REMOTEALTGUID>52889497-5b6b-403d-8f83-224e3c7759b4</REMOTEALTGUID>
  <MASTERID>4619</MASTERID>
  <ALTERID>6948</ALTERID>
  <ENTEREDBY>A</ENTEREDBY>
  <DATE>2010-02-08</DATE>
  <EFFECTIVEDATE>2010-02-08</EFFECTIVEDATE>
  <VOUCHERTYPENAME>Payment</VOUCHERTYPENAME>
  <PERSISTEDVIEW>AccountingVoucherView</PERSISTEDVIEW>
  <VCHGSTCLASS>Not Applicable</VCHGSTCLASS>
  <ISCOSTCENTRE>false</ISCOSTCENTRE>
  <ISINVOICE>false</ISINVOICE>
  <VOUCHERNUMBER>61</VOUCHERNUMBER>
  <ISOPTIONAL>false</ISOPTIONAL>
  <NARRATION>Monthly instalment paid</NARRATION>
  <VOUCHERNUMBERSERIES>Default</VOUCHERNUMBERSERIES>
  <GSTREGISTRATION>Not Applicable</GSTREGISTRATION>
  <ISCANCELLED>false</ISCANCELLED>
  <OVRDNEWAYBILLAPPLICABILITY>false</OVRDNEWAYBILLAPPLICABILITY>
  <ALLLEDGERENTRIES.LIST>
   <INDEXNUMBER>1</INDEXNUMBER>
   <LEDGERNAME>Sri Vari Financiers</LEDGERNAME>
   <VCHLEDGERTYPE>Others</VCHLEDGERTYPE>
   <ISDEEMEDPOSITIVE>true</ISDEEMEDPOSITIVE>
   <ISPARTYLEDGER>false</ISPARTYLEDGER>
   <AMOUNT>
    <AMOUNT>3000</AMOUNT>
    <CURRENCY>₹</CURRENCY>
    <FOREXSYMBOL>- * -</FOREXSYMBOL>
    <ISDEBIT>true</ISDEBIT>
   </AMOUNT>
   <BILLALLOCATIONS.LIST>
    <BILLTYPE>OnAccount</BILLTYPE>
    <AMOUNT>
     <AMOUNT>3000</AMOUNT>
     <CURRENCY>₹</CURRENCY>
     <FOREXSYMBOL>- * -</FOREXSYMBOL>
     <ISDEBIT>true</ISDEBIT>
    </AMOUNT>
   </BILLALLOCATIONS.LIST>
  </ALLLEDGERENTRIES.LIST>
  <ALLLEDGERENTRIES.LIST>
   <INDEXNUMBER>2</INDEXNUMBER>
   <LEDGERNAME>Cash</LEDGERNAME>
   <VCHLEDGERTYPE>Others</VCHLEDGERTYPE>
   <ISDEEMEDPOSITIVE>false</ISDEEMEDPOSITIVE>
   <ISPARTYLEDGER>true</ISPARTYLEDGER>
   <AMOUNT>
    <AMOUNT>3000</AMOUNT>
    <CURRENCY>₹</CURRENCY>
    <FOREXSYMBOL>- * -</FOREXSYMBOL>
    <ISDEBIT>false</ISDEBIT>
   </AMOUNT>
  </ALLLEDGERENTRIES.LIST>
 </VOUCHER>
 <VOUCHER>
  <GUID>52889497-5b6b-403d-8f83-224e3c7759b4-00000349</GUID>
  <REMOTEALTGUID>52889497-5b6b-403d-8f83-224e3c7759b4</REMOTEALTGUID>
  <MASTERID>841</MASTERID>
  <ALTERID>6949</ALTERID>
  <ENTEREDBY>A</ENTEREDBY>
  <DATE>2010-02-09</DATE>
  <EFFECTIVEDATE>2010-02-09</EFFECTIVEDATE>
  <VOUCHERTYPENAME>Payment</VOUCHERTYPENAME>
  <PERSISTEDVIEW>AccountingVoucherView</PERSISTEDVIEW>
  <VCHGSTCLASS>Not Applicable</VCHGSTCLASS>
  <ISCOSTCENTRE>false</ISCOSTCENTRE>
  <ISINVOICE>false</ISINVOICE>
  <VOUCHERNUMBER>62</VOUCHERNUMBER>
  <ISOPTIONAL>false</ISOPTIONAL>
  <NARRATION>Ch. No. :</NARRATION>
  <VOUCHERNUMBERSERIES>Default</VOUCHERNUMBERSERIES>
  <GSTREGISTRATION>Not Applicable</GSTREGISTRATION>
  <ISCANCELLED>false</ISCANCELLED>
  <OVRDNEWAYBILLAPPLICABILITY>false</OVRDNEWAYBILLAPPLICABILITY>
  <ALLLEDGERENTRIES.LIST>
   <INDEXNUMBER>1</INDEXNUMBER>
   <LEDGERNAME>VAT Payable</LEDGERNAME>
   <LEDGERTAXTYPE>On VAT Rate</LEDGERTAXTYPE>
   <VCHLEDGERTYPE>VAT</VCHLEDGERTYPE>
   <ISDEEMEDPOSITIVE>true</ISDEEMEDPOSITIVE>
   <ISPARTYLEDGER>false</ISPARTYLEDGER>
   <AMOUNT>
    <AMOUNT>126253.51</AMOUNT>
    <CURRENCY>₹</CURRENCY>
    <FOREXSYMBOL>- * -</FOREXSYMBOL>
    <ISDEBIT>true</ISDEBIT>
   </AMOUNT>
  </ALLLEDGERENTRIES.LIST>
  <ALLLEDGERENTRIES.LIST>
   <INDEXNUMBER>2</INDEXNUMBER>
   <LEDGERNAME>Canara Bank</LEDGERNAME>
   <VCHLEDGERTYPE>Others</VCHLEDGERTYPE>
   <ISDEEMEDPOSITIVE>false</ISDEEMEDPOSITIVE>
   <ISPARTYLEDGER>true</ISPARTYLEDGER>
   <AMOUNT>
    <AMOUNT>126253.51</AMOUNT>
    <CURRENCY>₹</CURRENCY>
    <FOREXSYMBOL>- * -</FOREXSYMBOL>
    <ISDEBIT>false</ISDEBIT>
   </AMOUNT>
  </ALLLEDGERENTRIES.LIST>
 </VOUCHER>
 <VOUCHER>
  <GUID>52889497-5b6b-403d-8f83-224e3c7759b4-0000120c</GUID>
  <REMOTEALTGUID>52889497-5b6b-403d-8f83-224e3c7759b4</REMOTEALTGUID>
  <MASTERID>4620</MASTERID>
  <ALTERID>6950</ALTERID>
  <ENTEREDBY>A</ENTEREDBY>
  <DATE>2010-02-09</DATE>
  <EFFECTIVEDATE>2010-02-09</EFFECTIVEDATE>
  <VOUCHERTYPENAME>Payment</VOUCHERTYPENAME>
  <PERSISTEDVIEW>AccountingVoucherView</PERSISTEDVIEW>
  <VCHGSTCLASS>Not Applicable</VCHGSTCLASS>
  <ISCOSTCENTRE>false</ISCOSTCENTRE>
  <ISINVOICE>false</ISINVOICE>
  <VOUCHERNUMBER>63</VOUCHERNUMBER>
  <ISOPTIONAL>false</ISOPTIONAL>
  <NARRATION>Monthly instalment paid</NARRATION>
  <VOUCHERNUMBERSERIES>Default</VOUCHERNUMBERSERIES>
  <GSTREGISTRATION>Not Applicable</GSTREGISTRATION>
  <ISCANCELLED>false</ISCANCELLED>
  <OVRDNEWAYBILLAPPLICABILITY>false</OVRDNEWAYBILLAPPLICABILITY>
  <ALLLEDGERENTRIES.LIST>
   <INDEXNUMBER>1</INDEXNUMBER>
   <LEDGERNAME>Maruthi Bankers</LEDGERNAME>
   <VCHLEDGERTYPE>Others</VCHLEDGERTYPE>
   <ISDEEMEDPOSITIVE>true</ISDEEMEDPOSITIVE>
   <ISPARTYLEDGER>false</ISPARTYLEDGER>
   <AMOUNT>
    <AMOUNT>4000</AMOUNT>
    <CURRENCY>₹</CURRENCY>
    <FOREXSYMBOL>- * -</FOREXSYMBOL>
    <ISDEBIT>true</ISDEBIT>
   </AMOUNT>
   <BILLALLOCATIONS.LIST>
    <BILLTYPE>OnAccount</BILLTYPE>
    <AMOUNT>
     <AMOUNT>4000</AMOUNT>
     <CURRENCY>₹</CURRENCY>
     <FOREXSYMBOL>- * -</FOREXSYMBOL>
     <ISDEBIT>true</ISDEBIT>
    </AMOUNT>
   </BILLALLOCATIONS.LIST>
  </ALLLEDGERENTRIES.LIST>
  <ALLLEDGERENTRIES.LIST>
   <INDEXNUMBER>2</INDEXNUMBER>
   <LEDGERNAME>Cash</LEDGERNAME>
   <VCHLEDGERTYPE>Others</VCHLEDGERTYPE>
   <ISDEEMEDPOSITIVE>false</ISDEEMEDPOSITIVE>
   <ISPARTYLEDGER>true</ISPARTYLEDGER>
   <AMOUNT>
    <AMOUNT>4000</AMOUNT>
    <CURRENCY>₹</CURRENCY>
    <FOREXSYMBOL>- * -</FOREXSYMBOL>
    <ISDEBIT>false</ISDEBIT>
   </AMOUNT>
  </ALLLEDGERENTRIES.LIST>
 </VOUCHER>
 <VOUCHER>
  <GUID>52889497-5b6b-403d-8f83-224e3c7759b4-0000034b</GUID>
  <REMOTEALTGUID>52889497-5b6b-403d-8f83-224e3c7759b4</REMOTEALTGUID>
  <MASTERID>843</MASTERID>
  <ALTERID>6952</ALTERID>
  <ENTEREDBY>A</ENTEREDBY>
  <DATE>2010-02-10</DATE>
  <EFFECTIVEDATE>2010-02-10</EFFECTIVEDATE>
  <VOUCHERTYPENAME>Payment</VOUCHERTYPENAME>
  <PERSISTEDVIEW>AccountingVoucherView</PERSISTEDVIEW>
  <VCHGSTCLASS>Not Applicable</VCHGSTCLASS>
  <ISCOSTCENTRE>false</ISCOSTCENTRE>
  <ISINVOICE>false</ISINVOICE>
  <VOUCHERNUMBER>64</VOUCHERNUMBER>
  <ISOPTIONAL>false</ISOPTIONAL>
  <NARRATION>Ch. No. 456508  Being Amount paid towards Jan month fuel charges.</NARRATION>
  <VOUCHERNUMBERSERIES>Default</VOUCHERNUMBERSERIES>
  <GSTREGISTRATION>Not Applicable</GSTREGISTRATION>
  <ISCANCELLED>false</ISCANCELLED>
  <OVRDNEWAYBILLAPPLICABILITY>false</OVRDNEWAYBILLAPPLICABILITY>
  <ALLLEDGERENTRIES.LIST>
   <INDEXNUMBER>1</INDEXNUMBER>
   <LEDGERNAME>Bharat Petroleum</LEDGERNAME>
   <VCHLEDGERTYPE>Others</VCHLEDGERTYPE>
   <ISDEEMEDPOSITIVE>true</ISDEEMEDPOSITIVE>
   <ISPARTYLEDGER>true</ISPARTYLEDGER>
   <AMOUNT>
    <AMOUNT>2640</AMOUNT>
    <CURRENCY>₹</CURRENCY>
    <FOREXSYMBOL>- * -</FOREXSYMBOL>
    <ISDEBIT>true</ISDEBIT>
   </AMOUNT>
   <BILLALLOCATIONS.LIST>
    <BILLTYPE>AgstRef</BILLTYPE>
    <NAME>3111</NAME>
    <AMOUNT>
     <AMOUNT>2640</AMOUNT>
     <CURRENCY>₹</CURRENCY>
     <FOREXSYMBOL>- * -</FOREXSYMBOL>
     <ISDEBIT>true</ISDEBIT>
    </AMOUNT>
   </BILLALLOCATIONS.LIST>
  </ALLLEDGERENTRIES.LIST>
  <ALLLEDGERENTRIES.LIST>
   <INDEXNUMBER>2</INDEXNUMBER>
   <LEDGERNAME>Canara Bank</LEDGERNAME>
   <VCHLEDGERTYPE>Others</VCHLEDGERTYPE>
   <ISDEEMEDPOSITIVE>false</ISDEEMEDPOSITIVE>
   <ISPARTYLEDGER>true</ISPARTYLEDGER>
   <AMOUNT>
    <AMOUNT>2640</AMOUNT>
    <CURRENCY>₹</CURRENCY>
    <FOREXSYMBOL>- * -</FOREXSYMBOL>
    <ISDEBIT>false</ISDEBIT>
   </AMOUNT>
  </ALLLEDGERENTRIES.LIST>
 </VOUCHER>
 <VOUCHER>
  <GUID>52889497-5b6b-403d-8f83-224e3c7759b4-0000034c</GUID>
  <REMOTEALTGUID>52889497-5b6b-403d-8f83-224e3c7759b4</REMOTEALTGUID>
  <MASTERID>844</MASTERID>
  <ALTERID>6953</ALTERID>
  <ENTEREDBY>A</ENTEREDBY>
  <DATE>2010-02-10</DATE>
  <EFFECTIVEDATE>2010-02-10</EFFECTIVEDATE>
  <VOUCHERTYPENAME>Payment</VOUCHERTYPENAME>
  <PERSISTEDVIEW>AccountingVoucherView</PERSISTEDVIEW>
  <VCHGSTCLASS>Not Applicable</VCHGSTCLASS>
  <ISCOSTCENTRE>false</ISCOSTCENTRE>
  <ISINVOICE>false</ISINVOICE>
  <VOUCHERNUMBER>65</VOUCHERNUMBER>
  <ISOPTIONAL>false</ISOPTIONAL>
  <NARRATION>Ch. No. : 1256002   Being Amount paid.</NARRATION>
  <PARTYNAME>Challenger Systems</PARTYNAME>
  <VOUCHERNUMBERSERIES>Default</VOUCHERNUMBERSERIES>
  <GSTREGISTRATION>Not Applicable</GSTREGISTRATION>
  <BASICBUYERNAME>Global Enterprises</BASICBUYERNAME>
  <ISCANCELLED>false</ISCANCELLED>
  <OVRDNEWAYBILLAPPLICABILITY>false</OVRDNEWAYBILLAPPLICABILITY>
  <ALLLEDGERENTRIES.LIST>
   <INDEXNUMBER>1</INDEXNUMBER>
   <LEDGERNAME>Challenger Systems</LEDGERNAME>
   <VCHLEDGERTYPE>Others</VCHLEDGERTYPE>
   <ISDEEMEDPOSITIVE>true</ISDEEMEDPOSITIVE>
   <ISPARTYLEDGER>true</ISPARTYLEDGER>
   <AMOUNT>
    <AMOUNT>100000</AMOUNT>
    <CURRENCY>₹</CURRENCY>
    <FOREXSYMBOL>- * -</FOREXSYMBOL>
    <ISDEBIT>true</ISDEBIT>
   </AMOUNT>
   <BILLALLOCATIONS.LIST>
    <BILLTYPE>AgstRef</BILLTYPE>
    <NAME>CS/136</NAME>
    <AMOUNT>
     <AMOUNT>100000</AMOUNT>
     <CURRENCY>₹</CURRENCY>
     <FOREXSYMBOL>- * -</FOREXSYMBOL>
     <ISDEBIT>true</ISDEBIT>
    </AMOUNT>
   </BILLALLOCATIONS.LIST>
  </ALLLEDGERENTRIES.LIST>
  <ALLLEDGERENTRIES.LIST>
   <INDEXNUMBER>2</INDEXNUMBER>
   <LEDGERNAME>HDFC Bank</LEDGERNAME>
   <VCHLEDGERTYPE>Others</VCHLEDGERTYPE>
   <ISDEEMEDPOSITIVE>false</ISDEEMEDPOSITIVE>
   <ISPARTYLEDGER>true</ISPARTYLEDGER>
   <AMOUNT>
    <AMOUNT>100000</AMOUNT>
    <CURRENCY>₹</CURRENCY>
    <FOREXSYMBOL>- * -</FOREXSYMBOL>
    <ISDEBIT>false</ISDEBIT>
   </AMOUNT>
  </ALLLEDGERENTRIES.LIST>
 </VOUCHER>
 <VOUCHER>
  <GUID>52889497-5b6b-403d-8f83-224e3c7759b4-0000034d</GUID>
  <REMOTEALTGUID>52889497-5b6b-403d-8f83-224e3c7759b4</REMOTEALTGUID>
  <MASTERID>845</MASTERID>
  <ALTERID>6954</ALTERID>
  <ENTEREDBY>A</ENTEREDBY>
  <DATE>2010-02-10</DATE>
  <EFFECTIVEDATE>2010-02-10</EFFECTIVEDATE>
  <VOUCHERTYPENAME>Payment</VOUCHERTYPENAME>
  <PERSISTEDVIEW>AccountingVoucherView</PERSISTEDVIEW>
  <VCHGSTCLASS>Not Applicable</VCHGSTCLASS>
  <ISCOSTCENTRE>false</ISCOSTCENTRE>
  <ISINVOICE>false</ISINVOICE>
  <VOUCHERNUMBER>66</VOUCHERNUMBER>
  <ISOPTIONAL>false</ISOPTIONAL>
  <NARRATION>Ch. No. :</NARRATION>
  <VOUCHERNUMBERSERIES>Default</VOUCHERNUMBERSERIES>
  <GSTREGISTRATION>Not Applicable</GSTREGISTRATION>
  <ISCANCELLED>false</ISCANCELLED>
  <OVRDNEWAYBILLAPPLICABILITY>false</OVRDNEWAYBILLAPPLICABILITY>
  <ALLLEDGERENTRIES.LIST>
   <INDEXNUMBER>1</INDEXNUMBER>
   <LEDGERNAME>VAT Payable</LEDGERNAME>
   <LEDGERTAXTYPE>On VAT Rate</LEDGERTAXTYPE>
   <VCHLEDGERTYPE>VAT</VCHLEDGERTYPE>
   <ISDEEMEDPOSITIVE>true</ISDEEMEDPOSITIVE>
   <ISPARTYLEDGER>false</ISPARTYLEDGER>
   <AMOUNT>
    <AMOUNT>72081.25</AMOUNT>
    <CURRENCY>₹</CURRENCY>
    <FOREXSYMBOL>- * -</FOREXSYMBOL>
    <ISDEBIT>true</ISDEBIT>
   </AMOUNT>
  </ALLLEDGERENTRIES.LIST>
  <ALLLEDGERENTRIES.LIST>
   <INDEXNUMBER>2</INDEXNUMBER>
   <LEDGERNAME>Canara Bank</LEDGERNAME>
   <VCHLEDGERTYPE>Others</VCHLEDGERTYPE>
   <ISDEEMEDPOSITIVE>false</ISDEEMEDPOSITIVE>
   <ISPARTYLEDGER>true</ISPARTYLEDGER>
   <AMOUNT>
    <AMOUNT>72081.25</AMOUNT>
    <CURRENCY>₹</CURRENCY>
    <FOREXSYMBOL>- * -</FOREXSYMBOL>
    <ISDEBIT>false</ISDEBIT>
   </AMOUNT>
  </ALLLEDGERENTRIES.LIST>
 </VOUCHER>
 <VOUCHER>
  <GUID>52889497-5b6b-403d-8f83-224e3c7759b4-0000120d</GUID>
  <REMOTEALTGUID>52889497-5b6b-403d-8f83-224e3c7759b4</REMOTEALTGUID>
  <MASTERID>4621</MASTERID>
  <ALTERID>6955</ALTERID>
  <ENTEREDBY>A</ENTEREDBY>
  <DATE>2010-02-10</DATE>
  <EFFECTIVEDATE>2010-02-10</EFFECTIVEDATE>
  <VOUCHERTYPENAME>Payment</VOUCHERTYPENAME>
  <PERSISTEDVIEW>AccountingVoucherView</PERSISTEDVIEW>
  <VCHGSTCLASS>Not Applicable</VCHGSTCLASS>
  <ISCOSTCENTRE>false</ISCOSTCENTRE>
  <ISINVOICE>false</ISINVOICE>
  <VOUCHERNUMBER>67</VOUCHERNUMBER>
  <ISOPTIONAL>false</ISOPTIONAL>
  <NARRATION>Monthly instalment paid</NARRATION>
  <VOUCHERNUMBERSERIES>Default</VOUCHERNUMBERSERIES>
  <GSTREGISTRATION>Not Applicable</GSTREGISTRATION>
  <ISCANCELLED>false</ISCANCELLED>
  <OVRDNEWAYBILLAPPLICABILITY>false</OVRDNEWAYBILLAPPLICABILITY>
  <ALLLEDGERENTRIES.LIST>
   <INDEXNUMBER>1</INDEXNUMBER>
   <LEDGERNAME>Maruthi Bankers</LEDGERNAME>
   <VCHLEDGERTYPE>Others</VCHLEDGERTYPE>
   <ISDEEMEDPOSITIVE>true</ISDEEMEDPOSITIVE>
   <ISPARTYLEDGER>false</ISPARTYLEDGER>
   <AMOUNT>
    <AMOUNT>4000</AMOUNT>
    <CURRENCY>₹</CURRENCY>
    <FOREXSYMBOL>- * -</FOREXSYMBOL>
    <ISDEBIT>true</ISDEBIT>
   </AMOUNT>
   <BILLALLOCATIONS.LIST>
    <BILLTYPE>OnAccount</BILLTYPE>
    <AMOUNT>
     <AMOUNT>4000</AMOUNT>
     <CURRENCY>₹</CURRENCY>
     <FOREXSYMBOL>- * -</FOREXSYMBOL>
     <ISDEBIT>true</ISDEBIT>
    </AMOUNT>
   </BILLALLOCATIONS.LIST>
  </ALLLEDGERENTRIES.LIST>
  <ALLLEDGERENTRIES.LIST>
   <INDEXNUMBER>2</INDEXNUMBER>
   <LEDGERNAME>Cash</LEDGERNAME>
   <VCHLEDGERTYPE>Others</VCHLEDGERTYPE>
   <ISDEEMEDPOSITIVE>false</ISDEEMEDPOSITIVE>
   <ISPARTYLEDGER>true</ISPARTYLEDGER>
   <AMOUNT>
    <AMOUNT>4000</AMOUNT>
    <CURRENCY>₹</CURRENCY>
    <FOREXSYMBOL>- * -</FOREXSYMBOL>
    <ISDEBIT>false</ISDEBIT>
   </AMOUNT>
  </ALLLEDGERENTRIES.LIST>
 </VOUCHER>
 <VOUCHER>
  <GUID>52889497-5b6b-403d-8f83-224e3c7759b4-0000034f</GUID>
  <REMOTEALTGUID>52889497-5b6b-403d-8f83-224e3c7759b4</REMOTEALTGUID>
  <MASTERID>847</MASTERID>
  <ALTERID>6957</ALTERID>
  <ENTEREDBY>A</ENTEREDBY>
  <DATE>2010-02-11</DATE>
  <EFFECTIVEDATE>2010-02-11</EFFECTIVEDATE>
  <VOUCHERTYPENAME>Payment</VOUCHERTYPENAME>
  <PERSISTEDVIEW>AccountingVoucherView</PERSISTEDVIEW>
  <VCHGSTCLASS>Not Applicable</VCHGSTCLASS>
  <ISCOSTCENTRE>false</ISCOSTCENTRE>
  <ISINVOICE>false</ISINVOICE>
  <VOUCHERNUMBER>68</VOUCHERNUMBER>
  <ISOPTIONAL>false</ISOPTIONAL>
  <NARRATION>Ch. No. : 456509  to EB - for dec  2007 &amp; jan 2008</NARRATION>
  <VOUCHERNUMBERSERIES>Default</VOUCHERNUMBERSERIES>
  <GSTREGISTRATION>Not Applicable</GSTREGISTRATION>
  <ISCANCELLED>false</ISCANCELLED>
  <OVRDNEWAYBILLAPPLICABILITY>false</OVRDNEWAYBILLAPPLICABILITY>
  <ALLLEDGERENTRIES.LIST>
   <INDEXNUMBER>1</INDEXNUMBER>
   <LEDGERNAME>Electricity Charges</LEDGERNAME>
   <VCHLEDGERTYPE>Others</VCHLEDGERTYPE>
   <ISDEEMEDPOSITIVE>true</ISDEEMEDPOSITIVE>
   <ISPARTYLEDGER>false</ISPARTYLEDGER>
   <AMOUNT>
    <AMOUNT>2871</AMOUNT>
    <CURRENCY>₹</CURRENCY>
    <FOREXSYMBOL>- * -</FOREXSYMBOL>
    <ISDEBIT>true</ISDEBIT>
   </AMOUNT>
  </ALLLEDGERENTRIES.LIST>
  <ALLLEDGERENTRIES.LIST>
   <INDEXNUMBER>2</INDEXNUMBER>
   <LEDGERNAME>Canara Bank</LEDGERNAME>
   <VCHLEDGERTYPE>Others</VCHLEDGERTYPE>
   <ISDEEMEDPOSITIVE>false</ISDEEMEDPOSITIVE>
   <ISPARTYLEDGER>true</ISPARTYLEDGER>
   <AMOUNT>
    <AMOUNT>2871</AMOUNT>
    <CURRENCY>₹</CURRENCY>
    <FOREXSYMBOL>- * -</FOREXSYMBOL>
    <ISDEBIT>false</ISDEBIT>
   </AMOUNT>
  </ALLLEDGERENTRIES.LIST>
 </VOUCHER>
 <VOUCHER>
  <GUID>52889497-5b6b-403d-8f83-224e3c7759b4-00000352</GUID>
  <REMOTEALTGUID>52889497-5b6b-403d-8f83-224e3c7759b4</REMOTEALTGUID>
  <MASTERID>850</MASTERID>
  <ALTERID>6960</ALTERID>
  <ENTEREDBY>A</ENTEREDBY>
  <DATE>2010-02-15</DATE>
  <EFFECTIVEDATE>2010-02-15</EFFECTIVEDATE>
  <VOUCHERTYPENAME>Payment</VOUCHERTYPENAME>
  <PERSISTEDVIEW>AccountingVoucherView</PERSISTEDVIEW>
  <VCHGSTCLASS>Not Applicable</VCHGSTCLASS>
  <ISCOSTCENTRE>false</ISCOSTCENTRE>
  <ISINVOICE>false</ISINVOICE>
  <VOUCHERNUMBER>69</VOUCHERNUMBER>
  <ISOPTIONAL>false</ISOPTIONAL>
  <NARRATION>salary paid to watchman for the month of january 2008</NARRATION>
  <VOUCHERNUMBERSERIES>Default</VOUCHERNUMBERSERIES>
  <GSTREGISTRATION>Not Applicable</GSTREGISTRATION>
  <ISCANCELLED>false</ISCANCELLED>
  <OVRDNEWAYBILLAPPLICABILITY>false</OVRDNEWAYBILLAPPLICABILITY>
  <ALLLEDGERENTRIES.LIST>
   <INDEXNUMBER>1</INDEXNUMBER>
   <LEDGERNAME>Repairs &amp; Maintenance - Buildings</LEDGERNAME>
   <VCHLEDGERTYPE>Others</VCHLEDGERTYPE>
   <ISDEEMEDPOSITIVE>true</ISDEEMEDPOSITIVE>
   <ISPARTYLEDGER>false</ISPARTYLEDGER>
   <AMOUNT>
    <AMOUNT>300</AMOUNT>
    <CURRENCY>₹</CURRENCY>
    <FOREXSYMBOL>- * -</FOREXSYMBOL>
    <ISDEBIT>true</ISDEBIT>
   </AMOUNT>
  </ALLLEDGERENTRIES.LIST>
  <ALLLEDGERENTRIES.LIST>
   <INDEXNUMBER>2</INDEXNUMBER>
   <LEDGERNAME>Cash</LEDGERNAME>
   <VCHLEDGERTYPE>Others</VCHLEDGERTYPE>
   <ISDEEMEDPOSITIVE>false</ISDEEMEDPOSITIVE>
   <ISPARTYLEDGER>true</ISPARTYLEDGER>
   <AMOUNT>
    <AMOUNT>300</AMOUNT>
    <CURRENCY>₹</CURRENCY>
    <FOREXSYMBOL>- * -</FOREXSYMBOL>
    <ISDEBIT>false</ISDEBIT>
   </AMOUNT>
  </ALLLEDGERENTRIES.LIST>
 </VOUCHER>
 <VOUCHER>
  <GUID>52889497-5b6b-403d-8f83-224e3c7759b4-00000353</GUID>
  <REMOTEALTGUID>52889497-5b6b-403d-8f83-224e3c7759b4</REMOTEALTGUID>
  <MASTERID>851</MASTERID>
  <ALTERID>6961</ALTERID>
  <ENTEREDBY>A</ENTEREDBY>
  <DATE>2010-02-15</DATE>
  <EFFECTIVEDATE>2010-02-15</EFFECTIVEDATE>
  <VOUCHERTYPENAME>Payment</VOUCHERTYPENAME>
  <PERSISTEDVIEW>AccountingVoucherView</PERSISTEDVIEW>
  <VCHGSTCLASS>Not Applicable</VCHGSTCLASS>
  <ISCOSTCENTRE>false</ISCOSTCENTRE>
  <ISINVOICE>false</ISINVOICE>
  <VOUCHERNUMBER>70</VOUCHERNUMBER>
  <ISOPTIONAL>false</ISOPTIONAL>
  <NARRATION>Ch. No. :  456510   Being Amount paid.</NARRATION>
  <VOUCHERNUMBERSERIES>Default</VOUCHERNUMBERSERIES>
  <GSTREGISTRATION>Not Applicable</GSTREGISTRATION>
  <ISCANCELLED>false</ISCANCELLED>
  <OVRDNEWAYBILLAPPLICABILITY>false</OVRDNEWAYBILLAPPLICABILITY>
  <ALLLEDGERENTRIES.LIST>
   <INDEXNUMBER>1</INDEXNUMBER>
   <LEDGERNAME>Pee Jee  Transports</LEDGERNAME>
   <VCHLEDGERTYPE>Others</VCHLEDGERTYPE>
   <ISDEEMEDPOSITIVE>true</ISDEEMEDPOSITIVE>
   <ISPARTYLEDGER>true</ISPARTYLEDGER>
   <AMOUNT>
    <AMOUNT>1250</AMOUNT>
    <CURRENCY>₹</CURRENCY>
    <FOREXSYMBOL>- * -</FOREXSYMBOL>
    <ISDEBIT>true</ISDEBIT>
   </AMOUNT>
   <BILLALLOCATIONS.LIST>
    <BILLTYPE>AgstRef</BILLTYPE>
    <NAME>PJT/174</NAME>
    <BILLCREDITPERIOD>
     <DUEONDATE>2010-03-02</DUEONDATE>
     <INDAYS>30</INDAYS>
     <INTEXT>30 Days</INTEXT>
    </BILLCREDITPERIOD>
    <AMOUNT>
     <AMOUNT>1250</AMOUNT>
     <CURRENCY>₹</CURRENCY>
     <FOREXSYMBOL>- * -</FOREXSYMBOL>
     <ISDEBIT>true</ISDEBIT>
    </AMOUNT>
   </BILLALLOCATIONS.LIST>
  </ALLLEDGERENTRIES.LIST>
  <ALLLEDGERENTRIES.LIST>
   <INDEXNUMBER>2</INDEXNUMBER>
   <LEDGERNAME>Canara Bank</LEDGERNAME>
   <VCHLEDGERTYPE>Others</VCHLEDGERTYPE>
   <ISDEEMEDPOSITIVE>false</ISDEEMEDPOSITIVE>
   <ISPARTYLEDGER>true</ISPARTYLEDGER>
   <AMOUNT>
    <AMOUNT>1250</AMOUNT>
    <CURRENCY>₹</CURRENCY>
    <FOREXSYMBOL>- * -</FOREXSYMBOL>
    <ISDEBIT>false</ISDEBIT>
   </AMOUNT>
  </ALLLEDGERENTRIES.LIST>
 </VOUCHER>
 <VOUCHER>
  <GUID>52889497-5b6b-403d-8f83-224e3c7759b4-00000354</GUID>
  <REMOTEALTGUID>52889497-5b6b-403d-8f83-224e3c7759b4</REMOTEALTGUID>
  <MASTERID>852</MASTERID>
  <ALTERID>6962</ALTERID>
  <ENTEREDBY>A</ENTEREDBY>
  <DATE>2010-02-16</DATE>
  <EFFECTIVEDATE>2010-02-16</EFFECTIVEDATE>
  <VOUCHERTYPENAME>Payment</VOUCHERTYPENAME>
  <PERSISTEDVIEW>AccountingVoucherView</PERSISTEDVIEW>
  <VCHGSTCLASS>Not Applicable</VCHGSTCLASS>
  <ISCOSTCENTRE>false</ISCOSTCENTRE>
  <ISINVOICE>false</ISINVOICE>
  <VOUCHERNUMBER>71</VOUCHERNUMBER>
  <ISOPTIONAL>false</ISOPTIONAL>
  <NARRATION>Ch. No. : 1256003   Being Amount paid.</NARRATION>
  <PARTYNAME>Challenger Systems</PARTYNAME>
  <VOUCHERNUMBERSERIES>Default</VOUCHERNUMBERSERIES>
  <GSTREGISTRATION>Not Applicable</GSTREGISTRATION>
  <BASICBUYERNAME>Global Enterprises</BASICBUYERNAME>
  <ISCANCELLED>false</ISCANCELLED>
  <OVRDNEWAYBILLAPPLICABILITY>false</OVRDNEWAYBILLAPPLICABILITY>
  <ALLLEDGERENTRIES.LIST>
   <INDEXNUMBER>1</INDEXNUMBER>
   <LEDGERNAME>HP India Ltd.,</LEDGERNAME>
   <VCHLEDGERTYPE>Others</VCHLEDGERTYPE>
   <ISDEEMEDPOSITIVE>true</ISDEEMEDPOSITIVE>
   <ISPARTYLEDGER>true</ISPARTYLEDGER>
   <AMOUNT>
    <AMOUNT>250000</AMOUNT>
    <CURRENCY>₹</CURRENCY>
    <FOREXSYMBOL>- * -</FOREXSYMBOL>
    <ISDEBIT>true</ISDEBIT>
   </AMOUNT>
   <BILLALLOCATIONS.LIST>
    <BILLTYPE>NewRef</BILLTYPE>
    <NAME>HP/065</NAME>
    <BILLCREDITPERIOD>
     <DUEONDATE>2010-04-02</DUEONDATE>
     <INDAYS>45</INDAYS>
     <INTEXT>45 Days</INTEXT>
    </BILLCREDITPERIOD>
    <AMOUNT>
     <AMOUNT>7000</AMOUNT>
     <CURRENCY>₹</CURRENCY>
     <FOREXSYMBOL>- * -</FOREXSYMBOL>
     <ISDEBIT>true</ISDEBIT>
    </AMOUNT>
   </BILLALLOCATIONS.LIST>
   <BILLALLOCATIONS.LIST>
    <BILLTYPE>NewRef</BILLTYPE>
    <NAME>HP/161</NAME>
    <BILLCREDITPERIOD>
     <DUEONDATE>2010-04-02</DUEONDATE>
     <INDAYS>45</INDAYS>
     <INTEXT>45 Days</INTEXT>
    </BILLCREDITPERIOD>
    <AMOUNT>
     <AMOUNT>18000</AMOUNT>
     <CURRENCY>₹</CURRENCY>
     <FOREXSYMBOL>- * -</FOREXSYMBOL>
     <ISDEBIT>true</ISDEBIT>
    </AMOUNT>
   </BILLALLOCATIONS.LIST>
   <BILLALLOCATIONS.LIST>
    <BILLTYPE>NewRef</BILLTYPE>
    <NAME>HP/189</NAME>
    <BILLCREDITPERIOD>
     <DUEONDATE>2010-04-02</DUEONDATE>
     <INDAYS>45</INDAYS>
     <INTEXT>45 Days</INTEXT>
    </BILLCREDITPERIOD>
    <AMOUNT>
     <AMOUNT>225000</AMOUNT>
     <CURRENCY>₹</CURRENCY>
     <FOREXSYMBOL>- * -</FOREXSYMBOL>
     <ISDEBIT>true</ISDEBIT>
    </AMOUNT>
   </BILLALLOCATIONS.LIST>
  </ALLLEDGERENTRIES.LIST>
  <ALLLEDGERENTRIES.LIST>
   <INDEXNUMBER>2</INDEXNUMBER>
   <LEDGERNAME>HDFC Bank</LEDGERNAME>
   <VCHLEDGERTYPE>Others</VCHLEDGERTYPE>
   <ISDEEMEDPOSITIVE>false</ISDEEMEDPOSITIVE>
   <ISPARTYLEDGER>true</ISPARTYLEDGER>
   <AMOUNT>
    <AMOUNT>250000</AMOUNT>
    <CURRENCY>₹</CURRENCY>
    <FOREXSYMBOL>- * -</FOREXSYMBOL>
    <ISDEBIT>false</ISDEBIT>
   </AMOUNT>
  </ALLLEDGERENTRIES.LIST>
 </VOUCHER>
 <VOUCHER>
  <GUID>52889497-5b6b-403d-8f83-224e3c7759b4-00000355</GUID>
  <REMOTEALTGUID>52889497-5b6b-403d-8f83-224e3c7759b4</REMOTEALTGUID>
  <MASTERID>853</MASTERID>
  <ALTERID>6963</ALTERID>
  <ENTEREDBY>A</ENTEREDBY>
  <DATE>2010-02-17</DATE>
  <EFFECTIVEDATE>2010-02-17</EFFECTIVEDATE>
  <VOUCHERTYPENAME>Payment</VOUCHERTYPENAME>
  <PERSISTEDVIEW>AccountingVoucherView</PERSISTEDVIEW>
  <VCHGSTCLASS>Not Applicable</VCHGSTCLASS>
  <ISCOSTCENTRE>false</ISCOSTCENTRE>
  <ISINVOICE>false</ISINVOICE>
  <VOUCHERNUMBER>72</VOUCHERNUMBER>
  <ISOPTIONAL>false</ISOPTIONAL>
  <NARRATION>Ch. No. :  456512  Being Amount paid towards vehicle servicing.</NARRATION>
  <VOUCHERNUMBERSERIES>Default</VOUCHERNUMBERSERIES>
  <GSTREGISTRATION>Not Applicable</GSTREGISTRATION>
  <ISCANCELLED>false</ISCANCELLED>
  <OVRDNEWAYBILLAPPLICABILITY>false</OVRDNEWAYBILLAPPLICABILITY>
  <ALLLEDGERENTRIES.LIST>
   <INDEXNUMBER>1</INDEXNUMBER>
   <LEDGERNAME>Maruti Udyog Service Centre</LEDGERNAME>
   <VCHLEDGERTYPE>Others</VCHLEDGERTYPE>
   <ISDEEMEDPOSITIVE>true</ISDEEMEDPOSITIVE>
   <ISPARTYLEDGER>true</ISPARTYLEDGER>
   <AMOUNT>
    <AMOUNT>6545</AMOUNT>
    <CURRENCY>₹</CURRENCY>
    <FOREXSYMBOL>- * -</FOREXSYMBOL>
    <ISDEBIT>true</ISDEBIT>
   </AMOUNT>
   <BILLALLOCATIONS.LIST>
    <BILLTYPE>AgstRef</BILLTYPE>
    <NAME>2654</NAME>
    <AMOUNT>
     <AMOUNT>6545</AMOUNT>
     <CURRENCY>₹</CURRENCY>
     <FOREXSYMBOL>- * -</FOREXSYMBOL>
     <ISDEBIT>true</ISDEBIT>
    </AMOUNT>
   </BILLALLOCATIONS.LIST>
  </ALLLEDGERENTRIES.LIST>
  <ALLLEDGERENTRIES.LIST>
   <INDEXNUMBER>2</INDEXNUMBER>
   <LEDGERNAME>Canara Bank</LEDGERNAME>
   <VCHLEDGERTYPE>Others</VCHLEDGERTYPE>
   <ISDEEMEDPOSITIVE>false</ISDEEMEDPOSITIVE>
   <ISPARTYLEDGER>true</ISPARTYLEDGER>
   <AMOUNT>
    <AMOUNT>6545</AMOUNT>
    <CURRENCY>₹</CURRENCY>
    <FOREXSYMBOL>- * -</FOREXSYMBOL>
    <ISDEBIT>false</ISDEBIT>
   </AMOUNT>
  </ALLLEDGERENTRIES.LIST>
 </VOUCHER>
 <VOUCHER>
  <GUID>52889497-5b6b-403d-8f83-224e3c7759b4-0000035a</GUID>
  <REMOTEALTGUID>52889497-5b6b-403d-8f83-224e3c7759b4</REMOTEALTGUID>
  <MASTERID>858</MASTERID>
  <ALTERID>6967</ALTERID>
  <ENTEREDBY>A</ENTEREDBY>
  <DATE>2010-02-20</DATE>
  <EFFECTIVEDATE>2010-02-20</EFFECTIVEDATE>
  <VOUCHERTYPENAME>Payment</VOUCHERTYPENAME>
  <PERSISTEDVIEW>AccountingVoucherView</PERSISTEDVIEW>
  <VCHGSTCLASS>Not Applicable</VCHGSTCLASS>
  <ISCOSTCENTRE>false</ISCOSTCENTRE>
  <ISINVOICE>false</ISINVOICE>
  <VOUCHERNUMBER>73</VOUCHERNUMBER>
  <ISOPTIONAL>false</ISOPTIONAL>
  <NARRATION>Ch. No. :   456513    Being CST Tax paid for the month Jan`08</NARRATION>
  <VOUCHERNUMBERSERIES>Default</VOUCHERNUMBERSERIES>
  <GSTREGISTRATION>Not Applicable</GSTREGISTRATION>
  <ISCANCELLED>false</ISCANCELLED>
  <OVRDNEWAYBILLAPPLICABILITY>false</OVRDNEWAYBILLAPPLICABILITY>
  <ALLLEDGERENTRIES.LIST>
   <INDEXNUMBER>1</INDEXNUMBER>
   <LEDGERNAME>CST Tax @ 4%</LEDGERNAME>
   <LEDGERTAXTYPE>Sales Tax</LEDGERTAXTYPE>
   <VCHLEDGERTYPE>Others</VCHLEDGERTYPE>
   <ISDEEMEDPOSITIVE>true</ISDEEMEDPOSITIVE>
   <ISPARTYLEDGER>false</ISPARTYLEDGER>
   <AMOUNT>
    <AMOUNT>17600</AMOUNT>
    <CURRENCY>₹</CURRENCY>
    <FOREXSYMBOL>- * -</FOREXSYMBOL>
    <ISDEBIT>true</ISDEBIT>
   </AMOUNT>
  </ALLLEDGERENTRIES.LIST>
  <ALLLEDGERENTRIES.LIST>
   <INDEXNUMBER>2</INDEXNUMBER>
   <LEDGERNAME>Canara Bank</LEDGERNAME>
   <VCHLEDGERTYPE>Others</VCHLEDGERTYPE>
   <ISDEEMEDPOSITIVE>false</ISDEEMEDPOSITIVE>
   <ISPARTYLEDGER>true</ISPARTYLEDGER>
   <AMOUNT>
    <AMOUNT>17600</AMOUNT>
    <CURRENCY>₹</CURRENCY>
    <FOREXSYMBOL>- * -</FOREXSYMBOL>
    <ISDEBIT>false</ISDEBIT>
   </AMOUNT>
  </ALLLEDGERENTRIES.LIST>
 </VOUCHER>
 <VOUCHER>
  <GUID>52889497-5b6b-403d-8f83-224e3c7759b4-0000120e</GUID>
  <REMOTEALTGUID>52889497-5b6b-403d-8f83-224e3c7759b4</REMOTEALTGUID>
  <MASTERID>4622</MASTERID>
  <ALTERID>6968</ALTERID>
  <ENTEREDBY>A</ENTEREDBY>
  <DATE>2010-02-20</DATE>
  <EFFECTIVEDATE>2010-02-20</EFFECTIVEDATE>
  <VOUCHERTYPENAME>Payment</VOUCHERTYPENAME>
  <PERSISTEDVIEW>AccountingVoucherView</PERSISTEDVIEW>
  <VCHGSTCLASS>Not Applicable</VCHGSTCLASS>
  <ISCOSTCENTRE>false</ISCOSTCENTRE>
  <ISINVOICE>false</ISINVOICE>
  <VOUCHERNUMBER>74</VOUCHERNUMBER>
  <ISOPTIONAL>false</ISOPTIONAL>
  <NARRATION>Being made payment for Group Term SuperAnnuation Fund.</NARRATION>
  <VOUCHERNUMBERSERIES>Default</VOUCHERNUMBERSERIES>
  <GSTREGISTRATION>Not Applicable</GSTREGISTRATION>
  <ISCANCELLED>false</ISCANCELLED>
  <OVRDNEWAYBILLAPPLICABILITY>false</OVRDNEWAYBILLAPPLICABILITY>
  <ALLLEDGERENTRIES.LIST>
   <INDEXNUMBER>1</INDEXNUMBER>
   <LEDGERNAME>Group Term SuperAnnuation Exp</LEDGERNAME>
   <VCHLEDGERTYPE>Others</VCHLEDGERTYPE>
   <ISDEEMEDPOSITIVE>true</ISDEEMEDPOSITIVE>
   <ISPARTYLEDGER>false</ISPARTYLEDGER>
   <AMOUNT>
    <AMOUNT>120000</AMOUNT>
    <CURRENCY>₹</CURRENCY>
    <FOREXSYMBOL>- * -</FOREXSYMBOL>
    <ISDEBIT>true</ISDEBIT>
   </AMOUNT>
  </ALLLEDGERENTRIES.LIST>
  <ALLLEDGERENTRIES.LIST>
   <INDEXNUMBER>2</INDEXNUMBER>
   <LEDGERNAME>Cash</LEDGERNAME>
   <VCHLEDGERTYPE>Others</VCHLEDGERTYPE>
   <ISDEEMEDPOSITIVE>false</ISDEEMEDPOSITIVE>
   <ISPARTYLEDGER>true</ISPARTYLEDGER>
   <AMOUNT>
    <AMOUNT>120000</AMOUNT>
    <CURRENCY>₹</CURRENCY>
    <FOREXSYMBOL>- * -</FOREXSYMBOL>
    <ISDEBIT>false</ISDEBIT>
   </AMOUNT>
  </ALLLEDGERENTRIES.LIST>
 </VOUCHER>
 <VOUCHER>
  <GUID>52889497-5b6b-403d-8f83-224e3c7759b4-0000035f</GUID>
  <REMOTEALTGUID>52889497-5b6b-403d-8f83-224e3c7759b4</REMOTEALTGUID>
  <MASTERID>863</MASTERID>
  <ALTERID>6973</ALTERID>
  <ENTEREDBY>A</ENTEREDBY>
  <DATE>2010-02-23</DATE>
  <EFFECTIVEDATE>2010-02-23</EFFECTIVEDATE>
  <VOUCHERTYPENAME>Payment</VOUCHERTYPENAME>
  <PERSISTEDVIEW>AccountingVoucherView</PERSISTEDVIEW>
  <VCHGSTCLASS>Not Applicable</VCHGSTCLASS>
  <ISCOSTCENTRE>false</ISCOSTCENTRE>
  <ISINVOICE>false</ISINVOICE>
  <VOUCHERNUMBER>75</VOUCHERNUMBER>
  <ISOPTIONAL>false</ISOPTIONAL>
  <NARRATION>whitewashing charges</NARRATION>
  <VOUCHERNUMBERSERIES>Default</VOUCHERNUMBERSERIES>
  <GSTREGISTRATION>Not Applicable</GSTREGISTRATION>
  <ISCANCELLED>false</ISCANCELLED>
  <OVRDNEWAYBILLAPPLICABILITY>false</OVRDNEWAYBILLAPPLICABILITY>
  <ALLLEDGERENTRIES.LIST>
   <INDEXNUMBER>1</INDEXNUMBER>
   <LEDGERNAME>Repairs &amp; Maintenance - Buildings</LEDGERNAME>
   <VCHLEDGERTYPE>Others</VCHLEDGERTYPE>
   <ISDEEMEDPOSITIVE>true</ISDEEMEDPOSITIVE>
   <ISPARTYLEDGER>false</ISPARTYLEDGER>
   <AMOUNT>
    <AMOUNT>3110</AMOUNT>
    <CURRENCY>₹</CURRENCY>
    <FOREXSYMBOL>- * -</FOREXSYMBOL>
    <ISDEBIT>true</ISDEBIT>
   </AMOUNT>
  </ALLLEDGERENTRIES.LIST>
  <ALLLEDGERENTRIES.LIST>
   <INDEXNUMBER>2</INDEXNUMBER>
   <LEDGERNAME>Cash</LEDGERNAME>
   <VCHLEDGERTYPE>Others</VCHLEDGERTYPE>
   <ISDEEMEDPOSITIVE>false</ISDEEMEDPOSITIVE>
   <ISPARTYLEDGER>true</ISPARTYLEDGER>
   <AMOUNT>
    <AMOUNT>3110</AMOUNT>
    <CURRENCY>₹</CURRENCY>
    <FOREXSYMBOL>- * -</FOREXSYMBOL>
    <ISDEBIT>false</ISDEBIT>
   </AMOUNT>
  </ALLLEDGERENTRIES.LIST>
 </VOUCHER>
 <VOUCHER>
  <GUID>52889497-5b6b-403d-8f83-224e3c7759b4-00000366</GUID>
  <REMOTEALTGUID>52889497-5b6b-403d-8f83-224e3c7759b4</REMOTEALTGUID>
  <MASTERID>870</MASTERID>
  <ALTERID>6979</ALTERID>
  <ENTEREDBY>A</ENTEREDBY>
  <DATE>2010-02-25</DATE>
  <EFFECTIVEDATE>2010-02-25</EFFECTIVEDATE>
  <VOUCHERTYPENAME>Payment</VOUCHERTYPENAME>
  <PERSISTEDVIEW>AccountingVoucherView</PERSISTEDVIEW>
  <VCHGSTCLASS>Not Applicable</VCHGSTCLASS>
  <ISCOSTCENTRE>false</ISCOSTCENTRE>
  <ISINVOICE>false</ISINVOICE>
  <VOUCHERNUMBER>76</VOUCHERNUMBER>
  <ISOPTIONAL>false</ISOPTIONAL>
  <NARRATION>Ch. No. :    456515   part of loan repaid</NARRATION>
  <VOUCHERNUMBERSERIES>Default</VOUCHERNUMBERSERIES>
  <GSTREGISTRATION>Not Applicable</GSTREGISTRATION>
  <ISCANCELLED>false</ISCANCELLED>
  <OVRDNEWAYBILLAPPLICABILITY>false</OVRDNEWAYBILLAPPLICABILITY>
  <ALLLEDGERENTRIES.LIST>
   <INDEXNUMBER>1</INDEXNUMBER>
   <LEDGERNAME>Narayan</LEDGERNAME>
   <VCHLEDGERTYPE>Others</VCHLEDGERTYPE>
   <ISDEEMEDPOSITIVE>true</ISDEEMEDPOSITIVE>
   <ISPARTYLEDGER>false</ISPARTYLEDGER>
   <AMOUNT>
    <AMOUNT>20000</AMOUNT>
    <CURRENCY>₹</CURRENCY>
    <FOREXSYMBOL>- * -</FOREXSYMBOL>
    <ISDEBIT>true</ISDEBIT>
   </AMOUNT>
   <BILLALLOCATIONS.LIST>
    <BILLTYPE>NewRef</BILLTYPE>
    <NAME>22</NAME>
    <BILLCREDITPERIOD>
     <DUEONDATE>2010-04-11</DUEONDATE>
     <INDAYS>45</INDAYS>
     <INTEXT>45 Days</INTEXT>
    </BILLCREDITPERIOD>
    <AMOUNT>
     <AMOUNT>20000</AMOUNT>
     <CURRENCY>₹</CURRENCY>
     <FOREXSYMBOL>- * -</FOREXSYMBOL>
     <ISDEBIT>true</ISDEBIT>
    </AMOUNT>
   </BILLALLOCATIONS.LIST>
  </ALLLEDGERENTRIES.LIST>
  <ALLLEDGERENTRIES.LIST>
   <INDEXNUMBER>2</INDEXNUMBER>
   <LEDGERNAME>Canara Bank</LEDGERNAME>
   <VCHLEDGERTYPE>Others</VCHLEDGERTYPE>
   <ISDEEMEDPOSITIVE>false</ISDEEMEDPOSITIVE>
   <ISPARTYLEDGER>true</ISPARTYLEDGER>
   <AMOUNT>
    <AMOUNT>20000</AMOUNT>
    <CURRENCY>₹</CURRENCY>
    <FOREXSYMBOL>- * -</FOREXSYMBOL>
    <ISDEBIT>false</ISDEBIT>
   </AMOUNT>
  </ALLLEDGERENTRIES.LIST>
 </VOUCHER>
 <VOUCHER>
  <GUID>52889497-5b6b-403d-8f83-224e3c7759b4-00000367</GUID>
  <REMOTEALTGUID>52889497-5b6b-403d-8f83-224e3c7759b4</REMOTEALTGUID>
  <MASTERID>871</MASTERID>
  <ALTERID>6980</ALTERID>
  <ENTEREDBY>A</ENTEREDBY>
  <DATE>2010-02-25</DATE>
  <EFFECTIVEDATE>2010-02-25</EFFECTIVEDATE>
  <VOUCHERTYPENAME>Payment</VOUCHERTYPENAME>
  <PERSISTEDVIEW>AccountingVoucherView</PERSISTEDVIEW>
  <VCHGSTCLASS>Not Applicable</VCHGSTCLASS>
  <ISCOSTCENTRE>false</ISCOSTCENTRE>
  <ISINVOICE>false</ISINVOICE>
  <VOUCHERNUMBER>77</VOUCHERNUMBER>
  <ISOPTIONAL>false</ISOPTIONAL>
  <NARRATION>Ch. No. :   1256004   Being Installment for Car Loan Repayment paid.</NARRATION>
  <VOUCHERNUMBERSERIES>Default</VOUCHERNUMBERSERIES>
  <GSTREGISTRATION>Not Applicable</GSTREGISTRATION>
  <ISCANCELLED>false</ISCANCELLED>
  <OVRDNEWAYBILLAPPLICABILITY>false</OVRDNEWAYBILLAPPLICABILITY>
  <ALLLEDGERENTRIES.LIST>
   <INDEXNUMBER>1</INDEXNUMBER>
   <LEDGERNAME>Cholamandalam Auto Finance Coy.,</LEDGERNAME>
   <VCHLEDGERTYPE>Others</VCHLEDGERTYPE>
   <ISDEEMEDPOSITIVE>true</ISDEEMEDPOSITIVE>
   <ISPARTYLEDGER>false</ISPARTYLEDGER>
   <AMOUNT>
    <AMOUNT>17621.27</AMOUNT>
    <CURRENCY>₹</CURRENCY>
    <FOREXSYMBOL>- * -</FOREXSYMBOL>
    <ISDEBIT>true</ISDEBIT>
   </AMOUNT>
   <BILLALLOCATIONS.LIST>
    <BILLTYPE>AgstRef</BILLTYPE>
    <NAME>HYN/HP/12300089</NAME>
    <AMOUNT>
     <AMOUNT>17621.27</AMOUNT>
     <CURRENCY>₹</CURRENCY>
     <FOREXSYMBOL>- * -</FOREXSYMBOL>
     <ISDEBIT>true</ISDEBIT>
    </AMOUNT>
   </BILLALLOCATIONS.LIST>
  </ALLLEDGERENTRIES.LIST>
  <ALLLEDGERENTRIES.LIST>
   <INDEXNUMBER>2</INDEXNUMBER>
   <LEDGERNAME>Interest on Car Loan A/c</LEDGERNAME>
   <VCHLEDGERTYPE>Others</VCHLEDGERTYPE>
   <ISDEEMEDPOSITIVE>true</ISDEEMEDPOSITIVE>
   <ISPARTYLEDGER>false</ISPARTYLEDGER>
   <AMOUNT>
    <AMOUNT>1982.39</AMOUNT>
    <CURRENCY>₹</CURRENCY>
    <FOREXSYMBOL>- * -</FOREXSYMBOL>
    <ISDEBIT>true</ISDEBIT>
   </AMOUNT>
  </ALLLEDGERENTRIES.LIST>
  <ALLLEDGERENTRIES.LIST>
   <INDEXNUMBER>3</INDEXNUMBER>
   <LEDGERNAME>HDFC Bank</LEDGERNAME>
   <VCHLEDGERTYPE>Others</VCHLEDGERTYPE>
   <ISDEEMEDPOSITIVE>false</ISDEEMEDPOSITIVE>
   <ISPARTYLEDGER>true</ISPARTYLEDGER>
   <AMOUNT>
    <AMOUNT>19603.66</AMOUNT>
    <CURRENCY>₹</CURRENCY>
    <FOREXSYMBOL>- * -</FOREXSYMBOL>
    <ISDEBIT>false</ISDEBIT>
   </AMOUNT>
  </ALLLEDGERENTRIES.LIST>
 </VOUCHER>
 <VOUCHER>
  <GUID>52889497-5b6b-403d-8f83-224e3c7759b4-0000120f</GUID>
  <REMOTEALTGUID>52889497-5b6b-403d-8f83-224e3c7759b4</REMOTEALTGUID>
  <MASTERID>4623</MASTERID>
  <ALTERID>6982</ALTERID>
  <ENTEREDBY>A</ENTEREDBY>
  <DATE>2010-02-25</DATE>
  <EFFECTIVEDATE>2010-02-25</EFFECTIVEDATE>
  <VOUCHERTYPENAME>Payment</VOUCHERTYPENAME>
  <PERSISTEDVIEW>AccountingVoucherView</PERSISTEDVIEW>
  <VCHGSTCLASS>Not Applicable</VCHGSTCLASS>
  <ISCOSTCENTRE>false</ISCOSTCENTRE>
  <ISINVOICE>false</ISINVOICE>
  <VOUCHERNUMBER>78</VOUCHERNUMBER>
  <ISOPTIONAL>false</ISOPTIONAL>
  <NARRATION>Ch. No. : 57454545</NARRATION>
  <VOUCHERNUMBERSERIES>Default</VOUCHERNUMBERSERIES>
  <GSTREGISTRATION>Not Applicable</GSTREGISTRATION>
  <ISCANCELLED>false</ISCANCELLED>
  <OVRDNEWAYBILLAPPLICABILITY>false</OVRDNEWAYBILLAPPLICABILITY>
  <ALLLEDGERENTRIES.LIST>
   <INDEXNUMBER>1</INDEXNUMBER>
   <LEDGERNAME>PF Payable</LEDGERNAME>
   <VCHLEDGERTYPE>Others</VCHLEDGERTYPE>
   <ISDEEMEDPOSITIVE>true</ISDEEMEDPOSITIVE>
   <ISPARTYLEDGER>false</ISPARTYLEDGER>
   <AMOUNT>
    <AMOUNT>3480</AMOUNT>
    <CURRENCY>₹</CURRENCY>
    <FOREXSYMBOL>- * -</FOREXSYMBOL>
    <ISDEBIT>true</ISDEBIT>
   </AMOUNT>
  </ALLLEDGERENTRIES.LIST>
  <ALLLEDGERENTRIES.LIST>
   <INDEXNUMBER>2</INDEXNUMBER>
   <LEDGERNAME>Employee&apos;s PF Contribution @ 12%</LEDGERNAME>
   <VCHLEDGERTYPE>Others</VCHLEDGERTYPE>
   <ISDEEMEDPOSITIVE>true</ISDEEMEDPOSITIVE>
   <ISPARTYLEDGER>false</ISPARTYLEDGER>
   <AMOUNT>
    <AMOUNT>3480</AMOUNT>
    <CURRENCY>₹</CURRENCY>
    <FOREXSYMBOL>- * -</FOREXSYMBOL>
    <ISDEBIT>true</ISDEBIT>
   </AMOUNT>
  </ALLLEDGERENTRIES.LIST>
  <ALLLEDGERENTRIES.LIST>
   <INDEXNUMBER>3</INDEXNUMBER>
   <LEDGERNAME>DLI Contribution @ 0.5%</LEDGERNAME>
   <VCHLEDGERTYPE>Others</VCHLEDGERTYPE>
   <ISDEEMEDPOSITIVE>true</ISDEEMEDPOSITIVE>
   <ISPARTYLEDGER>false</ISPARTYLEDGER>
   <AMOUNT>
    <AMOUNT>10</AMOUNT>
    <CURRENCY>₹</CURRENCY>
    <FOREXSYMBOL>- * -</FOREXSYMBOL>
    <ISDEBIT>true</ISDEBIT>
   </AMOUNT>
  </ALLLEDGERENTRIES.LIST>
  <ALLLEDGERENTRIES.LIST>
   <INDEXNUMBER>4</INDEXNUMBER>
   <LEDGERNAME>EDLI Admin Charges @ 0.01%</LEDGERNAME>
   <VCHLEDGERTYPE>Others</VCHLEDGERTYPE>
   <ISDEEMEDPOSITIVE>true</ISDEEMEDPOSITIVE>
   <ISPARTYLEDGER>false</ISPARTYLEDGER>
   <AMOUNT>
    <AMOUNT>2.90</AMOUNT>
    <CURRENCY>₹</CURRENCY>
    <FOREXSYMBOL>- * -</FOREXSYMBOL>
    <ISDEBIT>true</ISDEBIT>
   </AMOUNT>
  </ALLLEDGERENTRIES.LIST>
  <ALLLEDGERENTRIES.LIST>
   <INDEXNUMBER>5</INDEXNUMBER>
   <LEDGERNAME>PF Admin Charges @ 1.10%</LEDGERNAME>
   <VCHLEDGERTYPE>Others</VCHLEDGERTYPE>
   <ISDEEMEDPOSITIVE>true</ISDEEMEDPOSITIVE>
   <ISPARTYLEDGER>false</ISPARTYLEDGER>
   <AMOUNT>
    <AMOUNT>319</AMOUNT>
    <CURRENCY>₹</CURRENCY>
    <FOREXSYMBOL>- * -</FOREXSYMBOL>
    <ISDEBIT>true</ISDEBIT>
   </AMOUNT>
  </ALLLEDGERENTRIES.LIST>
  <ALLLEDGERENTRIES.LIST>
   <INDEXNUMBER>6</INDEXNUMBER>
   <LEDGERNAME>HDFC Bank</LEDGERNAME>
   <VCHLEDGERTYPE>Others</VCHLEDGERTYPE>
   <ISDEEMEDPOSITIVE>false</ISDEEMEDPOSITIVE>
   <ISPARTYLEDGER>true</ISPARTYLEDGER>
   <AMOUNT>
    <AMOUNT>7291.90</AMOUNT>
    <CURRENCY>₹</CURRENCY>
    <FOREXSYMBOL>- * -</FOREXSYMBOL>
    <ISDEBIT>false</ISDEBIT>
   </AMOUNT>
  </ALLLEDGERENTRIES.LIST>
 </VOUCHER>
 <VOUCHER>
  <GUID>52889497-5b6b-403d-8f83-224e3c7759b4-00001210</GUID>
  <REMOTEALTGUID>52889497-5b6b-403d-8f83-224e3c7759b4</REMOTEALTGUID>
  <MASTERID>4624</MASTERID>
  <ALTERID>6983</ALTERID>
  <ENTEREDBY>A</ENTEREDBY>
  <DATE>2010-02-25</DATE>
  <EFFECTIVEDATE>2010-02-25</EFFECTIVEDATE>
  <VOUCHERTYPENAME>Payment</VOUCHERTYPENAME>
  <PERSISTEDVIEW>AccountingVoucherView</PERSISTEDVIEW>
  <VCHGSTCLASS>Not Applicable</VCHGSTCLASS>
  <ISCOSTCENTRE>false</ISCOSTCENTRE>
  <ISINVOICE>false</ISINVOICE>
  <VOUCHERNUMBER>79</VOUCHERNUMBER>
  <ISOPTIONAL>false</ISOPTIONAL>
  <NARRATION>Ch. No. : 87745445</NARRATION>
  <VOUCHERNUMBERSERIES>Default</VOUCHERNUMBERSERIES>
  <GSTREGISTRATION>Not Applicable</GSTREGISTRATION>
  <ISCANCELLED>false</ISCANCELLED>
  <OVRDNEWAYBILLAPPLICABILITY>false</OVRDNEWAYBILLAPPLICABILITY>
  <ALLLEDGERENTRIES.LIST>
   <INDEXNUMBER>1</INDEXNUMBER>
   <LEDGERNAME>ESI Payable</LEDGERNAME>
   <VCHLEDGERTYPE>Others</VCHLEDGERTYPE>
   <ISDEEMEDPOSITIVE>true</ISDEEMEDPOSITIVE>
   <ISPARTYLEDGER>false</ISPARTYLEDGER>
   <AMOUNT>
    <AMOUNT>699</AMOUNT>
    <CURRENCY>₹</CURRENCY>
    <FOREXSYMBOL>- * -</FOREXSYMBOL>
    <ISDEBIT>true</ISDEBIT>
   </AMOUNT>
  </ALLLEDGERENTRIES.LIST>
  <ALLLEDGERENTRIES.LIST>
   <INDEXNUMBER>2</INDEXNUMBER>
   <LEDGERNAME>Employee&apos;s ESI Contribution @ 1.75%</LEDGERNAME>
   <VCHLEDGERTYPE>Others</VCHLEDGERTYPE>
   <ISDEEMEDPOSITIVE>true</ISDEEMEDPOSITIVE>
   <ISPARTYLEDGER>false</ISPARTYLEDGER>
   <AMOUNT>
    <AMOUNT>258</AMOUNT>
    <CURRENCY>₹</CURRENCY>
    <FOREXSYMBOL>- * -</FOREXSYMBOL>
    <ISDEBIT>true</ISDEBIT>
   </AMOUNT>
  </ALLLEDGERENTRIES.LIST>
  <ALLLEDGERENTRIES.LIST>
   <INDEXNUMBER>3</INDEXNUMBER>
   <LEDGERNAME>HDFC Bank</LEDGERNAME>
   <VCHLEDGERTYPE>Others</VCHLEDGERTYPE>
   <ISDEEMEDPOSITIVE>false</ISDEEMEDPOSITIVE>
   <ISPARTYLEDGER>true</ISPARTYLEDGER>
   <AMOUNT>
    <AMOUNT>957</AMOUNT>
    <CURRENCY>₹</CURRENCY>
    <FOREXSYMBOL>- * -</FOREXSYMBOL>
    <ISDEBIT>false</ISDEBIT>
   </AMOUNT>
  </ALLLEDGERENTRIES.LIST>
 </VOUCHER>
 <VOUCHER>
  <GUID>52889497-5b6b-403d-8f83-224e3c7759b4-00001211</GUID>
  <REMOTEALTGUID>52889497-5b6b-403d-8f83-224e3c7759b4</REMOTEALTGUID>
  <MASTERID>4625</MASTERID>
  <ALTERID>6984</ALTERID>
  <ENTEREDBY>A</ENTEREDBY>
  <DATE>2010-02-25</DATE>
  <EFFECTIVEDATE>2010-02-25</EFFECTIVEDATE>
  <VOUCHERTYPENAME>Payment</VOUCHERTYPENAME>
  <PERSISTEDVIEW>AccountingVoucherView</PERSISTEDVIEW>
  <VCHGSTCLASS>Not Applicable</VCHGSTCLASS>
  <ISCOSTCENTRE>false</ISCOSTCENTRE>
  <ISINVOICE>false</ISINVOICE>
  <VOUCHERNUMBER>80</VOUCHERNUMBER>
  <ISOPTIONAL>false</ISOPTIONAL>
  <NARRATION>Ch. No. :</NARRATION>
  <VOUCHERNUMBERSERIES>Default</VOUCHERNUMBERSERIES>
  <GSTREGISTRATION>Not Applicable</GSTREGISTRATION>
  <ISCANCELLED>false</ISCANCELLED>
  <OVRDNEWAYBILLAPPLICABILITY>false</OVRDNEWAYBILLAPPLICABILITY>
  <ALLLEDGERENTRIES.LIST>
   <INDEXNUMBER>1</INDEXNUMBER>
   <LEDGERNAME>Profession Tax</LEDGERNAME>
   <VCHLEDGERTYPE>Others</VCHLEDGERTYPE>
   <ISDEEMEDPOSITIVE>true</ISDEEMEDPOSITIVE>
   <ISPARTYLEDGER>false</ISPARTYLEDGER>
   <AMOUNT>
    <AMOUNT>670</AMOUNT>
    <CURRENCY>₹</CURRENCY>
    <FOREXSYMBOL>- * -</FOREXSYMBOL>
    <ISDEBIT>true</ISDEBIT>
   </AMOUNT>
  </ALLLEDGERENTRIES.LIST>
  <ALLLEDGERENTRIES.LIST>
   <INDEXNUMBER>2</INDEXNUMBER>
   <LEDGERNAME>HDFC Bank</LEDGERNAME>
   <VCHLEDGERTYPE>Others</VCHLEDGERTYPE>
   <ISDEEMEDPOSITIVE>false</ISDEEMEDPOSITIVE>
   <ISPARTYLEDGER>true</ISPARTYLEDGER>
   <AMOUNT>
    <AMOUNT>670</AMOUNT>
    <CURRENCY>₹</CURRENCY>
    <FOREXSYMBOL>- * -</FOREXSYMBOL>
    <ISDEBIT>false</ISDEBIT>
   </AMOUNT>
  </ALLLEDGERENTRIES.LIST>
 </VOUCHER>
 <VOUCHER>
  <GUID>52889497-5b6b-403d-8f83-224e3c7759b4-0000036a</GUID>
  <REMOTEALTGUID>52889497-5b6b-403d-8f83-224e3c7759b4</REMOTEALTGUID>
  <MASTERID>874</MASTERID>
  <ALTERID>6986</ALTERID>
  <ENTEREDBY>A</ENTEREDBY>
  <DATE>2010-02-26</DATE>
  <EFFECTIVEDATE>2010-02-26</EFFECTIVEDATE>
  <VOUCHERTYPENAME>Payment</VOUCHERTYPENAME>
  <PERSISTEDVIEW>AccountingVoucherView</PERSISTEDVIEW>
  <VCHGSTCLASS>Not Applicable</VCHGSTCLASS>
  <ISCOSTCENTRE>false</ISCOSTCENTRE>
  <ISINVOICE>false</ISINVOICE>
  <VOUCHERNUMBER>81</VOUCHERNUMBER>
  <ISOPTIONAL>false</ISOPTIONAL>
  <NARRATION>half year subscrition to &apos;Business Today&apos;</NARRATION>
  <VOUCHERNUMBERSERIES>Default</VOUCHERNUMBERSERIES>
  <GSTREGISTRATION>Not Applicable</GSTREGISTRATION>
  <ISCANCELLED>false</ISCANCELLED>
  <OVRDNEWAYBILLAPPLICABILITY>false</OVRDNEWAYBILLAPPLICABILITY>
  <ALLLEDGERENTRIES.LIST>
   <INDEXNUMBER>1</INDEXNUMBER>
   <LEDGERNAME>Subscriptions</LEDGERNAME>
   <VCHLEDGERTYPE>Others</VCHLEDGERTYPE>
   <ISDEEMEDPOSITIVE>true</ISDEEMEDPOSITIVE>
   <ISPARTYLEDGER>false</ISPARTYLEDGER>
   <AMOUNT>
    <AMOUNT>420</AMOUNT>
    <CURRENCY>₹</CURRENCY>
    <FOREXSYMBOL>- * -</FOREXSYMBOL>
    <ISDEBIT>true</ISDEBIT>
   </AMOUNT>
  </ALLLEDGERENTRIES.LIST>
  <ALLLEDGERENTRIES.LIST>
   <INDEXNUMBER>2</INDEXNUMBER>
   <LEDGERNAME>Cash</LEDGERNAME>
   <VCHLEDGERTYPE>Others</VCHLEDGERTYPE>
   <ISDEEMEDPOSITIVE>false</ISDEEMEDPOSITIVE>
   <ISPARTYLEDGER>true</ISPARTYLEDGER>
   <AMOUNT>
    <AMOUNT>420</AMOUNT>
    <CURRENCY>₹</CURRENCY>
    <FOREXSYMBOL>- * -</FOREXSYMBOL>
    <ISDEBIT>false</ISDEBIT>
   </AMOUNT>
  </ALLLEDGERENTRIES.LIST>
 </VOUCHER>
 <VOUCHER>
  <GUID>52889497-5b6b-403d-8f83-224e3c7759b4-00000372</GUID>
  <REMOTEALTGUID>52889497-5b6b-403d-8f83-224e3c7759b4</REMOTEALTGUID>
  <MASTERID>882</MASTERID>
  <ALTERID>6994</ALTERID>
  <ENTEREDBY>A</ENTEREDBY>
  <DATE>2010-02-28</DATE>
  <EFFECTIVEDATE>2010-02-28</EFFECTIVEDATE>
  <VOUCHERTYPENAME>Payment</VOUCHERTYPENAME>
  <PERSISTEDVIEW>AccountingVoucherView</PERSISTEDVIEW>
  <VCHGSTCLASS>Not Applicable</VCHGSTCLASS>
  <ISCOSTCENTRE>false</ISCOSTCENTRE>
  <ISINVOICE>false</ISINVOICE>
  <VOUCHERNUMBER>82</VOUCHERNUMBER>
  <ISOPTIONAL>false</ISOPTIONAL>
  <NARRATION>Being courier Charges paid for the month of Feb`08</NARRATION>
  <VOUCHERNUMBERSERIES>Default</VOUCHERNUMBERSERIES>
  <GSTREGISTRATION>Not Applicable</GSTREGISTRATION>
  <ISCANCELLED>false</ISCANCELLED>
  <OVRDNEWAYBILLAPPLICABILITY>false</OVRDNEWAYBILLAPPLICABILITY>
  <ALLLEDGERENTRIES.LIST>
   <INDEXNUMBER>1</INDEXNUMBER>
   <LEDGERNAME>Postage &amp; Telegraph</LEDGERNAME>
   <VCHLEDGERTYPE>Others</VCHLEDGERTYPE>
   <ISDEEMEDPOSITIVE>true</ISDEEMEDPOSITIVE>
   <ISPARTYLEDGER>false</ISPARTYLEDGER>
   <AMOUNT>
    <AMOUNT>350</AMOUNT>
    <CURRENCY>₹</CURRENCY>
    <FOREXSYMBOL>- * -</FOREXSYMBOL>
    <ISDEBIT>true</ISDEBIT>
   </AMOUNT>
  </ALLLEDGERENTRIES.LIST>
  <ALLLEDGERENTRIES.LIST>
   <INDEXNUMBER>2</INDEXNUMBER>
   <LEDGERNAME>Cash</LEDGERNAME>
   <VCHLEDGERTYPE>Others</VCHLEDGERTYPE>
   <ISDEEMEDPOSITIVE>false</ISDEEMEDPOSITIVE>
   <ISPARTYLEDGER>true</ISPARTYLEDGER>
   <AMOUNT>
    <AMOUNT>350</AMOUNT>
    <CURRENCY>₹</CURRENCY>
    <FOREXSYMBOL>- * -</FOREXSYMBOL>
    <ISDEBIT>false</ISDEBIT>
   </AMOUNT>
  </ALLLEDGERENTRIES.LIST>
 </VOUCHER>
 <VOUCHER>
  <GUID>52889497-5b6b-403d-8f83-224e3c7759b4-00000373</GUID>
  <REMOTEALTGUID>52889497-5b6b-403d-8f83-224e3c7759b4</REMOTEALTGUID>
  <MASTERID>883</MASTERID>
  <ALTERID>6995</ALTERID>
  <ENTEREDBY>A</ENTEREDBY>
  <DATE>2010-02-28</DATE>
  <EFFECTIVEDATE>2010-02-28</EFFECTIVEDATE>
  <VOUCHERTYPENAME>Payment</VOUCHERTYPENAME>
  <PERSISTEDVIEW>AccountingVoucherView</PERSISTEDVIEW>
  <VCHGSTCLASS>Not Applicable</VCHGSTCLASS>
  <ISCOSTCENTRE>false</ISCOSTCENTRE>
  <ISINVOICE>false</ISINVOICE>
  <VOUCHERNUMBER>83</VOUCHERNUMBER>
  <ISOPTIONAL>false</ISOPTIONAL>
  <NARRATION>Ch. No. 1256006 Being monthly charges paid for assembling computers.</NARRATION>
  <VOUCHERNUMBERSERIES>Default</VOUCHERNUMBERSERIES>
  <GSTREGISTRATION>Not Applicable</GSTREGISTRATION>
  <ISCANCELLED>false</ISCANCELLED>
  <OVRDNEWAYBILLAPPLICABILITY>false</OVRDNEWAYBILLAPPLICABILITY>
  <ALLLEDGERENTRIES.LIST>
   <INDEXNUMBER>1</INDEXNUMBER>
   <LEDGERNAME>Assembling Charges</LEDGERNAME>
   <VCHLEDGERTYPE>Others</VCHLEDGERTYPE>
   <ISDEEMEDPOSITIVE>true</ISDEEMEDPOSITIVE>
   <ISPARTYLEDGER>false</ISPARTYLEDGER>
   <AMOUNT>
    <AMOUNT>1520</AMOUNT>
    <CURRENCY>₹</CURRENCY>
    <FOREXSYMBOL>- * -</FOREXSYMBOL>
    <ISDEBIT>true</ISDEBIT>
   </AMOUNT>
  </ALLLEDGERENTRIES.LIST>
  <ALLLEDGERENTRIES.LIST>
   <INDEXNUMBER>2</INDEXNUMBER>
   <LEDGERNAME>HDFC Bank</LEDGERNAME>
   <VCHLEDGERTYPE>Others</VCHLEDGERTYPE>
   <ISDEEMEDPOSITIVE>false</ISDEEMEDPOSITIVE>
   <ISPARTYLEDGER>true</ISPARTYLEDGER>
   <AMOUNT>
    <AMOUNT>1520</AMOUNT>
    <CURRENCY>₹</CURRENCY>
    <FOREXSYMBOL>- * -</FOREXSYMBOL>
    <ISDEBIT>false</ISDEBIT>
   </AMOUNT>
  </ALLLEDGERENTRIES.LIST>
 </VOUCHER>
 <VOUCHER>
  <GUID>52889497-5b6b-403d-8f83-224e3c7759b4-00000376</GUID>
  <REMOTEALTGUID>52889497-5b6b-403d-8f83-224e3c7759b4</REMOTEALTGUID>
  <MASTERID>886</MASTERID>
  <ALTERID>6998</ALTERID>
  <ENTEREDBY>A</ENTEREDBY>
  <DATE>2010-02-28</DATE>
  <EFFECTIVEDATE>2010-02-28</EFFECTIVEDATE>
  <VOUCHERTYPENAME>Payment</VOUCHERTYPENAME>
  <PERSISTEDVIEW>AccountingVoucherView</PERSISTEDVIEW>
  <VCHGSTCLASS>Not Applicable</VCHGSTCLASS>
  <ISCOSTCENTRE>false</ISCOSTCENTRE>
  <ISINVOICE>false</ISINVOICE>
  <VOUCHERNUMBER>84</VOUCHERNUMBER>
  <ISOPTIONAL>false</ISOPTIONAL>
  <NARRATION>Ch. No. :</NARRATION>
  <VOUCHERNUMBERSERIES>Default</VOUCHERNUMBERSERIES>
  <GSTREGISTRATION>Not Applicable</GSTREGISTRATION>
  <ISCANCELLED>false</ISCANCELLED>
  <OVRDNEWAYBILLAPPLICABILITY>false</OVRDNEWAYBILLAPPLICABILITY>
  <ALLLEDGERENTRIES.LIST>
   <INDEXNUMBER>1</INDEXNUMBER>
   <LEDGERNAME>Fast Couriers</LEDGERNAME>
   <VCHLEDGERTYPE>Others</VCHLEDGERTYPE>
   <ISDEEMEDPOSITIVE>true</ISDEEMEDPOSITIVE>
   <ISPARTYLEDGER>true</ISPARTYLEDGER>
   <AMOUNT>
    <AMOUNT>617.98</AMOUNT>
    <CURRENCY>₹</CURRENCY>
    <FOREXSYMBOL>- * -</FOREXSYMBOL>
    <ISDEBIT>true</ISDEBIT>
   </AMOUNT>
   <BILLALLOCATIONS.LIST>
    <BILLTYPE>AgstRef</BILLTYPE>
    <NAME>87</NAME>
    <BILLCREDITPERIOD>
     <DUEONDATE>2010-03-27</DUEONDATE>
     <INDAYS>30</INDAYS>
     <INTEXT>30 Days</INTEXT>
    </BILLCREDITPERIOD>
    <AMOUNT>
     <AMOUNT>617.98</AMOUNT>
     <CURRENCY>₹</CURRENCY>
     <FOREXSYMBOL>- * -</FOREXSYMBOL>
     <ISDEBIT>true</ISDEBIT>
    </AMOUNT>
   </BILLALLOCATIONS.LIST>
  </ALLLEDGERENTRIES.LIST>
  <ALLLEDGERENTRIES.LIST>
   <INDEXNUMBER>2</INDEXNUMBER>
   <LEDGERNAME>HDFC Bank</LEDGERNAME>
   <VCHLEDGERTYPE>Others</VCHLEDGERTYPE>
   <ISDEEMEDPOSITIVE>false</ISDEEMEDPOSITIVE>
   <ISPARTYLEDGER>true</ISPARTYLEDGER>
   <AMOUNT>
    <AMOUNT>617.98</AMOUNT>
    <CURRENCY>₹</CURRENCY>
    <FOREXSYMBOL>- * -</FOREXSYMBOL>
    <ISDEBIT>false</ISDEBIT>
   </AMOUNT>
  </ALLLEDGERENTRIES.LIST>
 </VOUCHER>
 <VOUCHER>
  <GUID>52889497-5b6b-403d-8f83-224e3c7759b4-00000377</GUID>
  <REMOTEALTGUID>52889497-5b6b-403d-8f83-224e3c7759b4</REMOTEALTGUID>
  <MASTERID>887</MASTERID>
  <ALTERID>6999</ALTERID>
  <ENTEREDBY>A</ENTEREDBY>
  <DATE>2010-02-28</DATE>
  <EFFECTIVEDATE>2010-02-28</EFFECTIVEDATE>
  <VOUCHERTYPENAME>Payment</VOUCHERTYPENAME>
  <PERSISTEDVIEW>AccountingVoucherView</PERSISTEDVIEW>
  <VCHGSTCLASS>Not Applicable</VCHGSTCLASS>
  <ISCOSTCENTRE>false</ISCOSTCENTRE>
  <ISINVOICE>false</ISINVOICE>
  <VOUCHERNUMBER>85</VOUCHERNUMBER>
  <ISOPTIONAL>false</ISOPTIONAL>
  <NARRATION>Ch. No. :</NARRATION>
  <VOUCHERNUMBERSERIES>Default</VOUCHERNUMBERSERIES>
  <GSTREGISTRATION>Not Applicable</GSTREGISTRATION>
  <ISCANCELLED>false</ISCANCELLED>
  <OVRDNEWAYBILLAPPLICABILITY>false</OVRDNEWAYBILLAPPLICABILITY>
  <ALLLEDGERENTRIES.LIST>
   <INDEXNUMBER>1</INDEXNUMBER>
   <LEDGERNAME>Telephone Link Ltd.,</LEDGERNAME>
   <VCHLEDGERTYPE>Others</VCHLEDGERTYPE>
   <ISDEEMEDPOSITIVE>true</ISDEEMEDPOSITIVE>
   <ISPARTYLEDGER>true</ISPARTYLEDGER>
   <AMOUNT>
    <AMOUNT>842.70</AMOUNT>
    <CURRENCY>₹</CURRENCY>
    <FOREXSYMBOL>- * -</FOREXSYMBOL>
    <ISDEBIT>true</ISDEBIT>
   </AMOUNT>
   <BILLALLOCATIONS.LIST>
    <BILLTYPE>AgstRef</BILLTYPE>
    <NAME>88</NAME>
    <AMOUNT>
     <AMOUNT>842.70</AMOUNT>
     <CURRENCY>₹</CURRENCY>
     <FOREXSYMBOL>- * -</FOREXSYMBOL>
     <ISDEBIT>true</ISDEBIT>
    </AMOUNT>
   </BILLALLOCATIONS.LIST>
  </ALLLEDGERENTRIES.LIST>
  <ALLLEDGERENTRIES.LIST>
   <INDEXNUMBER>2</INDEXNUMBER>
   <LEDGERNAME>HDFC Bank</LEDGERNAME>
   <VCHLEDGERTYPE>Others</VCHLEDGERTYPE>
   <ISDEEMEDPOSITIVE>false</ISDEEMEDPOSITIVE>
   <ISPARTYLEDGER>true</ISPARTYLEDGER>
   <AMOUNT>
    <AMOUNT>842.70</AMOUNT>
    <CURRENCY>₹</CURRENCY>
    <FOREXSYMBOL>- * -</FOREXSYMBOL>
    <ISDEBIT>false</ISDEBIT>
   </AMOUNT>
  </ALLLEDGERENTRIES.LIST>
 </VOUCHER>
 <VOUCHER>
  <GUID>52889497-5b6b-403d-8f83-224e3c7759b4-00000383</GUID>
  <REMOTEALTGUID>52889497-5b6b-403d-8f83-224e3c7759b4</REMOTEALTGUID>
  <MASTERID>899</MASTERID>
  <ALTERID>7001</ALTERID>
  <ENTEREDBY>A</ENTEREDBY>
  <DATE>2010-03-01</DATE>
  <EFFECTIVEDATE>2010-03-01</EFFECTIVEDATE>
  <VOUCHERTYPENAME>Payment</VOUCHERTYPENAME>
  <PERSISTEDVIEW>AccountingVoucherView</PERSISTEDVIEW>
  <VCHGSTCLASS>Not Applicable</VCHGSTCLASS>
  <ISCOSTCENTRE>false</ISCOSTCENTRE>
  <ISINVOICE>false</ISINVOICE>
  <VOUCHERNUMBER>86</VOUCHERNUMBER>
  <ISOPTIONAL>false</ISOPTIONAL>
  <NARRATION>Ch. No. : 456519  rent paid for the month of  feburary 2008</NARRATION>
  <VOUCHERNUMBERSERIES>Default</VOUCHERNUMBERSERIES>
  <GSTREGISTRATION>Not Applicable</GSTREGISTRATION>
  <ISCANCELLED>false</ISCANCELLED>
  <OVRDNEWAYBILLAPPLICABILITY>false</OVRDNEWAYBILLAPPLICABILITY>
  <ALLLEDGERENTRIES.LIST>
   <INDEXNUMBER>1</INDEXNUMBER>
   <LEDGERNAME>Office Rent</LEDGERNAME>
   <VCHLEDGERTYPE>Others</VCHLEDGERTYPE>
   <ISDEEMEDPOSITIVE>true</ISDEEMEDPOSITIVE>
   <ISPARTYLEDGER>false</ISPARTYLEDGER>
   <AMOUNT>
    <AMOUNT>2500</AMOUNT>
    <CURRENCY>₹</CURRENCY>
    <FOREXSYMBOL>- * -</FOREXSYMBOL>
    <ISDEBIT>true</ISDEBIT>
   </AMOUNT>
  </ALLLEDGERENTRIES.LIST>
  <ALLLEDGERENTRIES.LIST>
   <INDEXNUMBER>2</INDEXNUMBER>
   <LEDGERNAME>Canara Bank</LEDGERNAME>
   <VCHLEDGERTYPE>Others</VCHLEDGERTYPE>
   <ISDEEMEDPOSITIVE>false</ISDEEMEDPOSITIVE>
   <ISPARTYLEDGER>true</ISPARTYLEDGER>
   <AMOUNT>
    <AMOUNT>2500</AMOUNT>
    <CURRENCY>₹</CURRENCY>
    <FOREXSYMBOL>- * -</FOREXSYMBOL>
    <ISDEBIT>false</ISDEBIT>
   </AMOUNT>
  </ALLLEDGERENTRIES.LIST>
 </VOUCHER>
 <VOUCHER>
  <GUID>52889497-5b6b-403d-8f83-224e3c7759b4-00000384</GUID>
  <REMOTEALTGUID>52889497-5b6b-403d-8f83-224e3c7759b4</REMOTEALTGUID>
  <MASTERID>900</MASTERID>
  <ALTERID>7002</ALTERID>
  <ENTEREDBY>A</ENTEREDBY>
  <DATE>2010-03-01</DATE>
  <EFFECTIVEDATE>2010-03-01</EFFECTIVEDATE>
  <VOUCHERTYPENAME>Payment</VOUCHERTYPENAME>
  <PERSISTEDVIEW>AccountingVoucherView</PERSISTEDVIEW>
  <VCHGSTCLASS>Not Applicable</VCHGSTCLASS>
  <ISCOSTCENTRE>false</ISCOSTCENTRE>
  <ISINVOICE>false</ISINVOICE>
  <VOUCHERNUMBER>87</VOUCHERNUMBER>
  <ISOPTIONAL>false</ISOPTIONAL>
  <VOUCHERNUMBERSERIES>Default</VOUCHERNUMBERSERIES>
  <GSTREGISTRATION>Not Applicable</GSTREGISTRATION>
  <ISCANCELLED>false</ISCANCELLED>
  <OVRDNEWAYBILLAPPLICABILITY>false</OVRDNEWAYBILLAPPLICABILITY>
  <ALLLEDGERENTRIES.LIST>
   <INDEXNUMBER>1</INDEXNUMBER>
   <LEDGERNAME>Shankar</LEDGERNAME>
   <VCHLEDGERTYPE>Others</VCHLEDGERTYPE>
   <ISDEEMEDPOSITIVE>true</ISDEEMEDPOSITIVE>
   <ISPARTYLEDGER>false</ISPARTYLEDGER>
   <AMOUNT>
    <AMOUNT>21000</AMOUNT>
    <CURRENCY>₹</CURRENCY>
    <FOREXSYMBOL>- * -</FOREXSYMBOL>
    <ISDEBIT>true</ISDEBIT>
   </AMOUNT>
   <BILLALLOCATIONS.LIST>
    <BILLTYPE>NewRef</BILLTYPE>
    <NAME>20</NAME>
    <BILLCREDITPERIOD>
     <DUEONDATE>2010-04-15</DUEONDATE>
     <INDAYS>45</INDAYS>
     <INTEXT>45 Days</INTEXT>
    </BILLCREDITPERIOD>
    <AMOUNT>
     <AMOUNT>21000</AMOUNT>
     <CURRENCY>₹</CURRENCY>
     <FOREXSYMBOL>- * -</FOREXSYMBOL>
     <ISDEBIT>true</ISDEBIT>
    </AMOUNT>
   </BILLALLOCATIONS.LIST>
  </ALLLEDGERENTRIES.LIST>
  <ALLLEDGERENTRIES.LIST>
   <INDEXNUMBER>2</INDEXNUMBER>
   <LEDGERNAME>Cash</LEDGERNAME>
   <VCHLEDGERTYPE>Others</VCHLEDGERTYPE>
   <ISDEEMEDPOSITIVE>false</ISDEEMEDPOSITIVE>
   <ISPARTYLEDGER>true</ISPARTYLEDGER>
   <AMOUNT>
    <AMOUNT>21000</AMOUNT>
    <CURRENCY>₹</CURRENCY>
    <FOREXSYMBOL>- * -</FOREXSYMBOL>
    <ISDEBIT>false</ISDEBIT>
   </AMOUNT>
  </ALLLEDGERENTRIES.LIST>
 </VOUCHER>
 <VOUCHER>
  <GUID>52889497-5b6b-403d-8f83-224e3c7759b4-00001213</GUID>
  <REMOTEALTGUID>52889497-5b6b-403d-8f83-224e3c7759b4</REMOTEALTGUID>
  <MASTERID>4627</MASTERID>
  <ALTERID>7004</ALTERID>
  <ENTEREDBY>A</ENTEREDBY>
  <DATE>2010-03-01</DATE>
  <EFFECTIVEDATE>2010-03-01</EFFECTIVEDATE>
  <VOUCHERTYPENAME>Payment</VOUCHERTYPENAME>
  <PERSISTEDVIEW>AccountingVoucherView</PERSISTEDVIEW>
  <VCHGSTCLASS>Not Applicable</VCHGSTCLASS>
  <ISCOSTCENTRE>false</ISCOSTCENTRE>
  <ISINVOICE>false</ISINVOICE>
  <VOUCHERNUMBER>88</VOUCHERNUMBER>
  <ISOPTIONAL>false</ISOPTIONAL>
  <NARRATION>Monthly instalment paid</NARRATION>
  <VOUCHERNUMBERSERIES>Default</VOUCHERNUMBERSERIES>
  <GSTREGISTRATION>Not Applicable</GSTREGISTRATION>
  <ISCANCELLED>false</ISCANCELLED>
  <OVRDNEWAYBILLAPPLICABILITY>false</OVRDNEWAYBILLAPPLICABILITY>
  <ALLLEDGERENTRIES.LIST>
   <INDEXNUMBER>1</INDEXNUMBER>
   <LEDGERNAME>Maruthi Bankers</LEDGERNAME>
   <VCHLEDGERTYPE>Others</VCHLEDGERTYPE>
   <ISDEEMEDPOSITIVE>true</ISDEEMEDPOSITIVE>
   <ISPARTYLEDGER>false</ISPARTYLEDGER>
   <AMOUNT>
    <AMOUNT>4000</AMOUNT>
    <CURRENCY>₹</CURRENCY>
    <FOREXSYMBOL>- * -</FOREXSYMBOL>
    <ISDEBIT>true</ISDEBIT>
   </AMOUNT>
   <BILLALLOCATIONS.LIST>
    <BILLTYPE>OnAccount</BILLTYPE>
    <AMOUNT>
     <AMOUNT>4000</AMOUNT>
     <CURRENCY>₹</CURRENCY>
     <FOREXSYMBOL>- * -</FOREXSYMBOL>
     <ISDEBIT>true</ISDEBIT>
    </AMOUNT>
   </BILLALLOCATIONS.LIST>
  </ALLLEDGERENTRIES.LIST>
  <ALLLEDGERENTRIES.LIST>
   <INDEXNUMBER>2</INDEXNUMBER>
   <LEDGERNAME>Cash</LEDGERNAME>
   <VCHLEDGERTYPE>Others</VCHLEDGERTYPE>
   <ISDEEMEDPOSITIVE>false</ISDEEMEDPOSITIVE>
   <ISPARTYLEDGER>true</ISPARTYLEDGER>
   <AMOUNT>
    <AMOUNT>4000</AMOUNT>
    <CURRENCY>₹</CURRENCY>
    <FOREXSYMBOL>- * -</FOREXSYMBOL>
    <ISDEBIT>false</ISDEBIT>
   </AMOUNT>
  </ALLLEDGERENTRIES.LIST>
 </VOUCHER>
 <VOUCHER>
  <GUID>52889497-5b6b-403d-8f83-224e3c7759b4-00000385</GUID>
  <REMOTEALTGUID>52889497-5b6b-403d-8f83-224e3c7759b4</REMOTEALTGUID>
  <MASTERID>901</MASTERID>
  <ALTERID>7005</ALTERID>
  <ENTEREDBY>A</ENTEREDBY>
  <DATE>2010-03-02</DATE>
  <EFFECTIVEDATE>2010-03-02</EFFECTIVEDATE>
  <VOUCHERTYPENAME>Payment</VOUCHERTYPENAME>
  <PERSISTEDVIEW>AccountingVoucherView</PERSISTEDVIEW>
  <VCHGSTCLASS>Not Applicable</VCHGSTCLASS>
  <ISCOSTCENTRE>false</ISCOSTCENTRE>
  <ISINVOICE>false</ISINVOICE>
  <VOUCHERNUMBER>89</VOUCHERNUMBER>
  <ISOPTIONAL>false</ISOPTIONAL>
  <NARRATION>Ch. No. :1256007  Being Amount paid.</NARRATION>
  <PARTYNAME>Challenger Systems</PARTYNAME>
  <VOUCHERNUMBERSERIES>Default</VOUCHERNUMBERSERIES>
  <GSTREGISTRATION>Not Applicable</GSTREGISTRATION>
  <BASICBUYERNAME>Global Enterprises</BASICBUYERNAME>
  <ISCANCELLED>false</ISCANCELLED>
  <OVRDNEWAYBILLAPPLICABILITY>false</OVRDNEWAYBILLAPPLICABILITY>
  <ALLLEDGERENTRIES.LIST>
   <INDEXNUMBER>1</INDEXNUMBER>
   <LEDGERNAME>Samsung (I) Pvt. Ltd.,</LEDGERNAME>
   <VCHLEDGERTYPE>Others</VCHLEDGERTYPE>
   <ISDEEMEDPOSITIVE>true</ISDEEMEDPOSITIVE>
   <ISPARTYLEDGER>true</ISPARTYLEDGER>
   <AMOUNT>
    <AMOUNT>150000</AMOUNT>
    <CURRENCY>₹</CURRENCY>
    <FOREXSYMBOL>- * -</FOREXSYMBOL>
    <ISDEBIT>true</ISDEBIT>
   </AMOUNT>
   <BILLALLOCATIONS.LIST>
    <BILLTYPE>NewRef</BILLTYPE>
    <NAME>SIP/183</NAME>
    <BILLCREDITPERIOD>
     <DUEONDATE>2010-04-16</DUEONDATE>
     <INDAYS>45</INDAYS>
     <INTEXT>45 Days</INTEXT>
    </BILLCREDITPERIOD>
    <AMOUNT>
     <AMOUNT>76750</AMOUNT>
     <CURRENCY>₹</CURRENCY>
     <FOREXSYMBOL>- * -</FOREXSYMBOL>
     <ISDEBIT>true</ISDEBIT>
    </AMOUNT>
   </BILLALLOCATIONS.LIST>
   <BILLALLOCATIONS.LIST>
    <BILLTYPE>NewRef</BILLTYPE>
    <NAME>SIP/717</NAME>
    <BILLCREDITPERIOD>
     <DUEONDATE>2010-04-16</DUEONDATE>
     <INDAYS>45</INDAYS>
     <INTEXT>45 Days</INTEXT>
    </BILLCREDITPERIOD>
    <AMOUNT>
     <AMOUNT>73250</AMOUNT>
     <CURRENCY>₹</CURRENCY>
     <FOREXSYMBOL>- * -</FOREXSYMBOL>
     <ISDEBIT>true</ISDEBIT>
    </AMOUNT>
   </BILLALLOCATIONS.LIST>
  </ALLLEDGERENTRIES.LIST>
  <ALLLEDGERENTRIES.LIST>
   <INDEXNUMBER>2</INDEXNUMBER>
   <LEDGERNAME>HDFC Bank</LEDGERNAME>
   <VCHLEDGERTYPE>Others</VCHLEDGERTYPE>
   <ISDEEMEDPOSITIVE>false</ISDEEMEDPOSITIVE>
   <ISPARTYLEDGER>true</ISPARTYLEDGER>
   <AMOUNT>
    <AMOUNT>150000</AMOUNT>
    <CURRENCY>₹</CURRENCY>
    <FOREXSYMBOL>- * -</FOREXSYMBOL>
    <ISDEBIT>false</ISDEBIT>
   </AMOUNT>
  </ALLLEDGERENTRIES.LIST>
 </VOUCHER>
 <VOUCHER>
  <GUID>52889497-5b6b-403d-8f83-224e3c7759b4-00001214</GUID>
  <REMOTEALTGUID>52889497-5b6b-403d-8f83-224e3c7759b4</REMOTEALTGUID>
  <MASTERID>4628</MASTERID>
  <ALTERID>7006</ALTERID>
  <ENTEREDBY>A</ENTEREDBY>
  <DATE>2010-03-02</DATE>
  <EFFECTIVEDATE>2010-03-02</EFFECTIVEDATE>
  <VOUCHERTYPENAME>Payment</VOUCHERTYPENAME>
  <PERSISTEDVIEW>AccountingVoucherView</PERSISTEDVIEW>
  <VCHGSTCLASS>Not Applicable</VCHGSTCLASS>
  <ISCOSTCENTRE>false</ISCOSTCENTRE>
  <ISINVOICE>false</ISINVOICE>
  <VOUCHERNUMBER>90</VOUCHERNUMBER>
  <ISOPTIONAL>false</ISOPTIONAL>
  <NARRATION>Monthly instalment paid</NARRATION>
  <VOUCHERNUMBERSERIES>Default</VOUCHERNUMBERSERIES>
  <GSTREGISTRATION>Not Applicable</GSTREGISTRATION>
  <ISCANCELLED>false</ISCANCELLED>
  <OVRDNEWAYBILLAPPLICABILITY>false</OVRDNEWAYBILLAPPLICABILITY>
  <ALLLEDGERENTRIES.LIST>
   <INDEXNUMBER>1</INDEXNUMBER>
   <LEDGERNAME>Sri Vari Financiers</LEDGERNAME>
   <VCHLEDGERTYPE>Others</VCHLEDGERTYPE>
   <ISDEEMEDPOSITIVE>true</ISDEEMEDPOSITIVE>
   <ISPARTYLEDGER>false</ISPARTYLEDGER>
   <AMOUNT>
    <AMOUNT>4000</AMOUNT>
    <CURRENCY>₹</CURRENCY>
    <FOREXSYMBOL>- * -</FOREXSYMBOL>
    <ISDEBIT>true</ISDEBIT>
   </AMOUNT>
   <BILLALLOCATIONS.LIST>
    <BILLTYPE>OnAccount</BILLTYPE>
    <AMOUNT>
     <AMOUNT>4000</AMOUNT>
     <CURRENCY>₹</CURRENCY>
     <FOREXSYMBOL>- * -</FOREXSYMBOL>
     <ISDEBIT>true</ISDEBIT>
    </AMOUNT>
   </BILLALLOCATIONS.LIST>
  </ALLLEDGERENTRIES.LIST>
  <ALLLEDGERENTRIES.LIST>
   <INDEXNUMBER>2</INDEXNUMBER>
   <LEDGERNAME>Cash</LEDGERNAME>
   <VCHLEDGERTYPE>Others</VCHLEDGERTYPE>
   <ISDEEMEDPOSITIVE>false</ISDEEMEDPOSITIVE>
   <ISPARTYLEDGER>true</ISPARTYLEDGER>
   <AMOUNT>
    <AMOUNT>4000</AMOUNT>
    <CURRENCY>₹</CURRENCY>
    <FOREXSYMBOL>- * -</FOREXSYMBOL>
    <ISDEBIT>false</ISDEBIT>
   </AMOUNT>
  </ALLLEDGERENTRIES.LIST>
 </VOUCHER>
 <VOUCHER>
  <GUID>52889497-5b6b-403d-8f83-224e3c7759b4-00001216</GUID>
  <REMOTEALTGUID>52889497-5b6b-403d-8f83-224e3c7759b4</REMOTEALTGUID>
  <MASTERID>4630</MASTERID>
  <ALTERID>7008</ALTERID>
  <ENTEREDBY>A</ENTEREDBY>
  <DATE>2010-03-03</DATE>
  <EFFECTIVEDATE>2010-03-03</EFFECTIVEDATE>
  <VOUCHERTYPENAME>Payment</VOUCHERTYPENAME>
  <PERSISTEDVIEW>AccountingVoucherView</PERSISTEDVIEW>
  <VCHGSTCLASS>Not Applicable</VCHGSTCLASS>
  <ISCOSTCENTRE>false</ISCOSTCENTRE>
  <ISINVOICE>false</ISINVOICE>
  <VOUCHERNUMBER>91</VOUCHERNUMBER>
  <ISOPTIONAL>false</ISOPTIONAL>
  <NARRATION>Monthly instalment paid</NARRATION>
  <VOUCHERNUMBERSERIES>Default</VOUCHERNUMBERSERIES>
  <GSTREGISTRATION>Not Applicable</GSTREGISTRATION>
  <ISCANCELLED>false</ISCANCELLED>
  <OVRDNEWAYBILLAPPLICABILITY>false</OVRDNEWAYBILLAPPLICABILITY>
  <ALLLEDGERENTRIES.LIST>
   <INDEXNUMBER>1</INDEXNUMBER>
   <LEDGERNAME>Maruthi Bankers</LEDGERNAME>
   <VCHLEDGERTYPE>Others</VCHLEDGERTYPE>
   <ISDEEMEDPOSITIVE>true</ISDEEMEDPOSITIVE>
   <ISPARTYLEDGER>false</ISPARTYLEDGER>
   <AMOUNT>
    <AMOUNT>4000</AMOUNT>
    <CURRENCY>₹</CURRENCY>
    <FOREXSYMBOL>- * -</FOREXSYMBOL>
    <ISDEBIT>true</ISDEBIT>
   </AMOUNT>
   <BILLALLOCATIONS.LIST>
    <BILLTYPE>OnAccount</BILLTYPE>
    <AMOUNT>
     <AMOUNT>4000</AMOUNT>
     <CURRENCY>₹</CURRENCY>
     <FOREXSYMBOL>- * -</FOREXSYMBOL>
     <ISDEBIT>true</ISDEBIT>
    </AMOUNT>
   </BILLALLOCATIONS.LIST>
  </ALLLEDGERENTRIES.LIST>
  <ALLLEDGERENTRIES.LIST>
   <INDEXNUMBER>2</INDEXNUMBER>
   <LEDGERNAME>Cash</LEDGERNAME>
   <VCHLEDGERTYPE>Others</VCHLEDGERTYPE>
   <ISDEEMEDPOSITIVE>false</ISDEEMEDPOSITIVE>
   <ISPARTYLEDGER>true</ISPARTYLEDGER>
   <AMOUNT>
    <AMOUNT>4000</AMOUNT>
    <CURRENCY>₹</CURRENCY>
    <FOREXSYMBOL>- * -</FOREXSYMBOL>
    <ISDEBIT>false</ISDEBIT>
   </AMOUNT>
  </ALLLEDGERENTRIES.LIST>
 </VOUCHER>
 <VOUCHER>
  <GUID>52889497-5b6b-403d-8f83-224e3c7759b4-0000038b</GUID>
  <REMOTEALTGUID>52889497-5b6b-403d-8f83-224e3c7759b4</REMOTEALTGUID>
  <MASTERID>907</MASTERID>
  <ALTERID>7014</ALTERID>
  <ENTEREDBY>A</ENTEREDBY>
  <DATE>2010-03-05</DATE>
  <EFFECTIVEDATE>2010-03-05</EFFECTIVEDATE>
  <VOUCHERTYPENAME>Payment</VOUCHERTYPENAME>
  <PERSISTEDVIEW>AccountingVoucherView</PERSISTEDVIEW>
  <VCHGSTCLASS>Not Applicable</VCHGSTCLASS>
  <ISCOSTCENTRE>false</ISCOSTCENTRE>
  <ISINVOICE>false</ISINVOICE>
  <VOUCHERNUMBER>92</VOUCHERNUMBER>
  <ISOPTIONAL>false</ISOPTIONAL>
  <NARRATION>Ch. No. :</NARRATION>
  <VOUCHERNUMBERSERIES>Default</VOUCHERNUMBERSERIES>
  <GSTREGISTRATION>Not Applicable</GSTREGISTRATION>
  <ISCANCELLED>false</ISCANCELLED>
  <OVRDNEWAYBILLAPPLICABILITY>false</OVRDNEWAYBILLAPPLICABILITY>
  <ALLLEDGERENTRIES.LIST>
   <INDEXNUMBER>1</INDEXNUMBER>
   <LEDGERNAME>Mahesh Timbers</LEDGERNAME>
   <VCHLEDGERTYPE>Others</VCHLEDGERTYPE>
   <ISDEEMEDPOSITIVE>true</ISDEEMEDPOSITIVE>
   <ISPARTYLEDGER>true</ISPARTYLEDGER>
   <AMOUNT>
    <AMOUNT>1268438</AMOUNT>
    <CURRENCY>₹</CURRENCY>
    <FOREXSYMBOL>- * -</FOREXSYMBOL>
    <ISDEBIT>true</ISDEBIT>
   </AMOUNT>
   <BILLALLOCATIONS.LIST>
    <BILLTYPE>AgstRef</BILLTYPE>
    <NAME>7812</NAME>
    <AMOUNT>
     <AMOUNT>1268438</AMOUNT>
     <CURRENCY>₹</CURRENCY>
     <FOREXSYMBOL>- * -</FOREXSYMBOL>
     <ISDEBIT>true</ISDEBIT>
    </AMOUNT>
   </BILLALLOCATIONS.LIST>
  </ALLLEDGERENTRIES.LIST>
  <ALLLEDGERENTRIES.LIST>
   <INDEXNUMBER>2</INDEXNUMBER>
   <LEDGERNAME>Canara Bank</LEDGERNAME>
   <VCHLEDGERTYPE>Others</VCHLEDGERTYPE>
   <ISDEEMEDPOSITIVE>false</ISDEEMEDPOSITIVE>
   <ISPARTYLEDGER>true</ISPARTYLEDGER>
   <AMOUNT>
    <AMOUNT>1268438</AMOUNT>
    <CURRENCY>₹</CURRENCY>
    <FOREXSYMBOL>- * -</FOREXSYMBOL>
    <ISDEBIT>false</ISDEBIT>
   </AMOUNT>
  </ALLLEDGERENTRIES.LIST>
 </VOUCHER>
 <VOUCHER>
  <GUID>52889497-5b6b-403d-8f83-224e3c7759b4-0000038c</GUID>
  <REMOTEALTGUID>52889497-5b6b-403d-8f83-224e3c7759b4</REMOTEALTGUID>
  <MASTERID>908</MASTERID>
  <ALTERID>7016</ALTERID>
  <ENTEREDBY>A</ENTEREDBY>
  <DATE>2010-03-06</DATE>
  <EFFECTIVEDATE>2010-03-06</EFFECTIVEDATE>
  <VOUCHERTYPENAME>Payment</VOUCHERTYPENAME>
  <PERSISTEDVIEW>AccountingVoucherView</PERSISTEDVIEW>
  <VCHGSTCLASS>Not Applicable</VCHGSTCLASS>
  <ISCOSTCENTRE>false</ISCOSTCENTRE>
  <ISINVOICE>false</ISINVOICE>
  <VOUCHERNUMBER>93</VOUCHERNUMBER>
  <ISOPTIONAL>false</ISOPTIONAL>
  <NARRATION>paid to shanti sagar for tea coffee supplied for the month of february  2008</NARRATION>
  <VOUCHERNUMBERSERIES>Default</VOUCHERNUMBERSERIES>
  <GSTREGISTRATION>Not Applicable</GSTREGISTRATION>
  <ISCANCELLED>false</ISCANCELLED>
  <OVRDNEWAYBILLAPPLICABILITY>false</OVRDNEWAYBILLAPPLICABILITY>
  <ALLLEDGERENTRIES.LIST>
   <INDEXNUMBER>1</INDEXNUMBER>
   <LEDGERNAME>Staff Welfare Expenses</LEDGERNAME>
   <VCHLEDGERTYPE>Others</VCHLEDGERTYPE>
   <ISDEEMEDPOSITIVE>true</ISDEEMEDPOSITIVE>
   <ISPARTYLEDGER>false</ISPARTYLEDGER>
   <AMOUNT>
    <AMOUNT>641</AMOUNT>
    <CURRENCY>₹</CURRENCY>
    <FOREXSYMBOL>- * -</FOREXSYMBOL>
    <ISDEBIT>true</ISDEBIT>
   </AMOUNT>
  </ALLLEDGERENTRIES.LIST>
  <ALLLEDGERENTRIES.LIST>
   <INDEXNUMBER>2</INDEXNUMBER>
   <LEDGERNAME>Cash</LEDGERNAME>
   <VCHLEDGERTYPE>Others</VCHLEDGERTYPE>
   <ISDEEMEDPOSITIVE>false</ISDEEMEDPOSITIVE>
   <ISPARTYLEDGER>true</ISPARTYLEDGER>
   <AMOUNT>
    <AMOUNT>641</AMOUNT>
    <CURRENCY>₹</CURRENCY>
    <FOREXSYMBOL>- * -</FOREXSYMBOL>
    <ISDEBIT>false</ISDEBIT>
   </AMOUNT>
  </ALLLEDGERENTRIES.LIST>
 </VOUCHER>
 <VOUCHER>
  <GUID>52889497-5b6b-403d-8f83-224e3c7759b4-00000392</GUID>
  <REMOTEALTGUID>52889497-5b6b-403d-8f83-224e3c7759b4</REMOTEALTGUID>
  <MASTERID>914</MASTERID>
  <ALTERID>7022</ALTERID>
  <ENTEREDBY>A</ENTEREDBY>
  <DATE>2010-03-08</DATE>
  <EFFECTIVEDATE>2010-03-08</EFFECTIVEDATE>
  <VOUCHERTYPENAME>Payment</VOUCHERTYPENAME>
  <PERSISTEDVIEW>AccountingVoucherView</PERSISTEDVIEW>
  <VCHGSTCLASS>Not Applicable</VCHGSTCLASS>
  <ISCOSTCENTRE>false</ISCOSTCENTRE>
  <ISINVOICE>false</ISINVOICE>
  <VOUCHERNUMBER>94</VOUCHERNUMBER>
  <ISOPTIONAL>false</ISOPTIONAL>
  <NARRATION>Being convention charges debited.</NARRATION>
  <VOUCHERNUMBERSERIES>Default</VOUCHERNUMBERSERIES>
  <GSTREGISTRATION>Not Applicable</GSTREGISTRATION>
  <ISCANCELLED>false</ISCANCELLED>
  <OVRDNEWAYBILLAPPLICABILITY>false</OVRDNEWAYBILLAPPLICABILITY>
  <ALLLEDGERENTRIES.LIST>
   <INDEXNUMBER>1</INDEXNUMBER>
   <LEDGERNAME>Business Promotion Expenses</LEDGERNAME>
   <VCHLEDGERTYPE>Others</VCHLEDGERTYPE>
   <ISDEEMEDPOSITIVE>true</ISDEEMEDPOSITIVE>
   <ISPARTYLEDGER>false</ISPARTYLEDGER>
   <AMOUNT>
    <AMOUNT>10500</AMOUNT>
    <CURRENCY>₹</CURRENCY>
    <FOREXSYMBOL>- * -</FOREXSYMBOL>
    <ISDEBIT>true</ISDEBIT>
   </AMOUNT>
  </ALLLEDGERENTRIES.LIST>
  <ALLLEDGERENTRIES.LIST>
   <INDEXNUMBER>2</INDEXNUMBER>
   <LEDGERNAME>Cash</LEDGERNAME>
   <VCHLEDGERTYPE>Others</VCHLEDGERTYPE>
   <ISDEEMEDPOSITIVE>false</ISDEEMEDPOSITIVE>
   <ISPARTYLEDGER>true</ISPARTYLEDGER>
   <AMOUNT>
    <AMOUNT>10500</AMOUNT>
    <CURRENCY>₹</CURRENCY>
    <FOREXSYMBOL>- * -</FOREXSYMBOL>
    <ISDEBIT>false</ISDEBIT>
   </AMOUNT>
  </ALLLEDGERENTRIES.LIST>
 </VOUCHER>
 <VOUCHER>
  <GUID>52889497-5b6b-403d-8f83-224e3c7759b4-00000393</GUID>
  <REMOTEALTGUID>52889497-5b6b-403d-8f83-224e3c7759b4</REMOTEALTGUID>
  <MASTERID>915</MASTERID>
  <ALTERID>7023</ALTERID>
  <ENTEREDBY>A</ENTEREDBY>
  <DATE>2010-03-08</DATE>
  <EFFECTIVEDATE>2010-03-08</EFFECTIVEDATE>
  <VOUCHERTYPENAME>Payment</VOUCHERTYPENAME>
  <PERSISTEDVIEW>AccountingVoucherView</PERSISTEDVIEW>
  <VCHGSTCLASS>Not Applicable</VCHGSTCLASS>
  <ISCOSTCENTRE>false</ISCOSTCENTRE>
  <ISINVOICE>false</ISINVOICE>
  <VOUCHERNUMBER>95</VOUCHERNUMBER>
  <ISOPTIONAL>false</ISOPTIONAL>
  <NARRATION>Ch. No. :1256010 Being Amount towards transportation charges delivery of materials to customer place.</NARRATION>
  <VOUCHERNUMBERSERIES>Default</VOUCHERNUMBERSERIES>
  <GSTREGISTRATION>Not Applicable</GSTREGISTRATION>
  <ISCANCELLED>false</ISCANCELLED>
  <OVRDNEWAYBILLAPPLICABILITY>false</OVRDNEWAYBILLAPPLICABILITY>
  <ALLLEDGERENTRIES.LIST>
   <INDEXNUMBER>1</INDEXNUMBER>
   <LEDGERNAME>Jet Roadways (P) Ltd.,</LEDGERNAME>
   <VCHLEDGERTYPE>Others</VCHLEDGERTYPE>
   <ISDEEMEDPOSITIVE>true</ISDEEMEDPOSITIVE>
   <ISPARTYLEDGER>true</ISPARTYLEDGER>
   <AMOUNT>
    <AMOUNT>5000</AMOUNT>
    <CURRENCY>₹</CURRENCY>
    <FOREXSYMBOL>- * -</FOREXSYMBOL>
    <ISDEBIT>true</ISDEBIT>
   </AMOUNT>
   <BILLALLOCATIONS.LIST>
    <BILLTYPE>AgstRef</BILLTYPE>
    <NAME>917</NAME>
    <AMOUNT>
     <AMOUNT>5000</AMOUNT>
     <CURRENCY>₹</CURRENCY>
     <FOREXSYMBOL>- * -</FOREXSYMBOL>
     <ISDEBIT>true</ISDEBIT>
    </AMOUNT>
   </BILLALLOCATIONS.LIST>
  </ALLLEDGERENTRIES.LIST>
  <ALLLEDGERENTRIES.LIST>
   <INDEXNUMBER>2</INDEXNUMBER>
   <LEDGERNAME>HDFC Bank</LEDGERNAME>
   <VCHLEDGERTYPE>Others</VCHLEDGERTYPE>
   <ISDEEMEDPOSITIVE>false</ISDEEMEDPOSITIVE>
   <ISPARTYLEDGER>true</ISPARTYLEDGER>
   <AMOUNT>
    <AMOUNT>5000</AMOUNT>
    <CURRENCY>₹</CURRENCY>
    <FOREXSYMBOL>- * -</FOREXSYMBOL>
    <ISDEBIT>false</ISDEBIT>
   </AMOUNT>
  </ALLLEDGERENTRIES.LIST>
 </VOUCHER>
 <VOUCHER>
  <GUID>52889497-5b6b-403d-8f83-224e3c7759b4-00000398</GUID>
  <REMOTEALTGUID>52889497-5b6b-403d-8f83-224e3c7759b4</REMOTEALTGUID>
  <MASTERID>920</MASTERID>
  <ALTERID>7028</ALTERID>
  <ENTEREDBY>A</ENTEREDBY>
  <DATE>2010-03-10</DATE>
  <EFFECTIVEDATE>2010-03-10</EFFECTIVEDATE>
  <VOUCHERTYPENAME>Payment</VOUCHERTYPENAME>
  <PERSISTEDVIEW>AccountingVoucherView</PERSISTEDVIEW>
  <VCHGSTCLASS>Not Applicable</VCHGSTCLASS>
  <ISCOSTCENTRE>false</ISCOSTCENTRE>
  <ISINVOICE>false</ISINVOICE>
  <VOUCHERNUMBER>96</VOUCHERNUMBER>
  <ISOPTIONAL>false</ISOPTIONAL>
  <NARRATION>Ch. No. : 456521 Being Amount paid towards Feb month fuel charges.</NARRATION>
  <VOUCHERNUMBERSERIES>Default</VOUCHERNUMBERSERIES>
  <GSTREGISTRATION>Not Applicable</GSTREGISTRATION>
  <ISCANCELLED>false</ISCANCELLED>
  <OVRDNEWAYBILLAPPLICABILITY>false</OVRDNEWAYBILLAPPLICABILITY>
  <ALLLEDGERENTRIES.LIST>
   <INDEXNUMBER>1</INDEXNUMBER>
   <LEDGERNAME>Bharat Petroleum</LEDGERNAME>
   <VCHLEDGERTYPE>Others</VCHLEDGERTYPE>
   <ISDEEMEDPOSITIVE>true</ISDEEMEDPOSITIVE>
   <ISPARTYLEDGER>true</ISPARTYLEDGER>
   <AMOUNT>
    <AMOUNT>2670</AMOUNT>
    <CURRENCY>₹</CURRENCY>
    <FOREXSYMBOL>- * -</FOREXSYMBOL>
    <ISDEBIT>true</ISDEBIT>
   </AMOUNT>
   <BILLALLOCATIONS.LIST>
    <BILLTYPE>AgstRef</BILLTYPE>
    <NAME>3666</NAME>
    <AMOUNT>
     <AMOUNT>2670</AMOUNT>
     <CURRENCY>₹</CURRENCY>
     <FOREXSYMBOL>- * -</FOREXSYMBOL>
     <ISDEBIT>true</ISDEBIT>
    </AMOUNT>
   </BILLALLOCATIONS.LIST>
  </ALLLEDGERENTRIES.LIST>
  <ALLLEDGERENTRIES.LIST>
   <INDEXNUMBER>2</INDEXNUMBER>
   <LEDGERNAME>Canara Bank</LEDGERNAME>
   <VCHLEDGERTYPE>Others</VCHLEDGERTYPE>
   <ISDEEMEDPOSITIVE>false</ISDEEMEDPOSITIVE>
   <ISPARTYLEDGER>true</ISPARTYLEDGER>
   <AMOUNT>
    <AMOUNT>2670</AMOUNT>
    <CURRENCY>₹</CURRENCY>
    <FOREXSYMBOL>- * -</FOREXSYMBOL>
    <ISDEBIT>false</ISDEBIT>
   </AMOUNT>
  </ALLLEDGERENTRIES.LIST>
 </VOUCHER>
 <VOUCHER>
  <GUID>52889497-5b6b-403d-8f83-224e3c7759b4-00000399</GUID>
  <REMOTEALTGUID>52889497-5b6b-403d-8f83-224e3c7759b4</REMOTEALTGUID>
  <MASTERID>921</MASTERID>
  <ALTERID>7029</ALTERID>
  <ENTEREDBY>A</ENTEREDBY>
  <DATE>2010-03-10</DATE>
  <EFFECTIVEDATE>2010-03-10</EFFECTIVEDATE>
  <VOUCHERTYPENAME>Payment</VOUCHERTYPENAME>
  <PERSISTEDVIEW>AccountingVoucherView</PERSISTEDVIEW>
  <VCHGSTCLASS>Not Applicable</VCHGSTCLASS>
  <ISCOSTCENTRE>false</ISCOSTCENTRE>
  <ISINVOICE>false</ISINVOICE>
  <VOUCHERNUMBER>97</VOUCHERNUMBER>
  <ISOPTIONAL>false</ISOPTIONAL>
  <NARRATION>Ch. No. : 456522   Being Amount paid.</NARRATION>
  <PARTYNAME>Challenger Systems</PARTYNAME>
  <VOUCHERNUMBERSERIES>Default</VOUCHERNUMBERSERIES>
  <GSTREGISTRATION>Not Applicable</GSTREGISTRATION>
  <BASICBUYERNAME>Global Enterprises</BASICBUYERNAME>
  <ISCANCELLED>false</ISCANCELLED>
  <OVRDNEWAYBILLAPPLICABILITY>false</OVRDNEWAYBILLAPPLICABILITY>
  <ALLLEDGERENTRIES.LIST>
   <INDEXNUMBER>1</INDEXNUMBER>
   <LEDGERNAME>Maruthi Traders</LEDGERNAME>
   <VCHLEDGERTYPE>Others</VCHLEDGERTYPE>
   <ISDEEMEDPOSITIVE>true</ISDEEMEDPOSITIVE>
   <ISPARTYLEDGER>true</ISPARTYLEDGER>
   <AMOUNT>
    <AMOUNT>400000</AMOUNT>
    <CURRENCY>₹</CURRENCY>
    <FOREXSYMBOL>- * -</FOREXSYMBOL>
    <ISDEBIT>true</ISDEBIT>
   </AMOUNT>
   <BILLALLOCATIONS.LIST>
    <BILLTYPE>AgstRef</BILLTYPE>
    <NAME>MT/89</NAME>
    <BILLCREDITPERIOD>
     <DUEONDATE>2010-02-07</DUEONDATE>
     <INDAYS>30</INDAYS>
     <INTEXT>30 Days</INTEXT>
    </BILLCREDITPERIOD>
    <AMOUNT>
     <AMOUNT>236540</AMOUNT>
     <CURRENCY>₹</CURRENCY>
     <FOREXSYMBOL>- * -</FOREXSYMBOL>
     <ISDEBIT>true</ISDEBIT>
    </AMOUNT>
   </BILLALLOCATIONS.LIST>
   <BILLALLOCATIONS.LIST>
    <BILLTYPE>AgstRef</BILLTYPE>
    <NAME>MT/102</NAME>
    <BILLCREDITPERIOD>
     <DUEONDATE>2010-04-07</DUEONDATE>
     <INDAYS>30</INDAYS>
     <INTEXT>30 Days</INTEXT>
    </BILLCREDITPERIOD>
    <AMOUNT>
     <AMOUNT>163460</AMOUNT>
     <CURRENCY>₹</CURRENCY>
     <FOREXSYMBOL>- * -</FOREXSYMBOL>
     <ISDEBIT>true</ISDEBIT>
    </AMOUNT>
   </BILLALLOCATIONS.LIST>
  </ALLLEDGERENTRIES.LIST>
  <ALLLEDGERENTRIES.LIST>
   <INDEXNUMBER>2</INDEXNUMBER>
   <LEDGERNAME>Canara Bank</LEDGERNAME>
   <VCHLEDGERTYPE>Others</VCHLEDGERTYPE>
   <ISDEEMEDPOSITIVE>false</ISDEEMEDPOSITIVE>
   <ISPARTYLEDGER>true</ISPARTYLEDGER>
   <AMOUNT>
    <AMOUNT>400000</AMOUNT>
    <CURRENCY>₹</CURRENCY>
    <FOREXSYMBOL>- * -</FOREXSYMBOL>
    <ISDEBIT>false</ISDEBIT>
   </AMOUNT>
  </ALLLEDGERENTRIES.LIST>
 </VOUCHER>
 <VOUCHER>
  <GUID>52889497-5b6b-403d-8f83-224e3c7759b4-0000039b</GUID>
  <REMOTEALTGUID>52889497-5b6b-403d-8f83-224e3c7759b4</REMOTEALTGUID>
  <MASTERID>923</MASTERID>
  <ALTERID>7031</ALTERID>
  <ENTEREDBY>A</ENTEREDBY>
  <DATE>2010-03-12</DATE>
  <EFFECTIVEDATE>2010-03-12</EFFECTIVEDATE>
  <VOUCHERTYPENAME>Payment</VOUCHERTYPENAME>
  <PERSISTEDVIEW>AccountingVoucherView</PERSISTEDVIEW>
  <VCHGSTCLASS>Not Applicable</VCHGSTCLASS>
  <ISCOSTCENTRE>false</ISCOSTCENTRE>
  <ISINVOICE>false</ISINVOICE>
  <VOUCHERNUMBER>98</VOUCHERNUMBER>
  <ISOPTIONAL>false</ISOPTIONAL>
  <NARRATION>Ch. No. : 456523 commission paid to Eternal consultants after deduction of tds</NARRATION>
  <VOUCHERNUMBERSERIES>Default</VOUCHERNUMBERSERIES>
  <GSTREGISTRATION>Not Applicable</GSTREGISTRATION>
  <ISCANCELLED>false</ISCANCELLED>
  <OVRDNEWAYBILLAPPLICABILITY>false</OVRDNEWAYBILLAPPLICABILITY>
  <ALLLEDGERENTRIES.LIST>
   <INDEXNUMBER>1</INDEXNUMBER>
   <LEDGERNAME>Eternal Consultants</LEDGERNAME>
   <VCHLEDGERTYPE>Others</VCHLEDGERTYPE>
   <ISDEEMEDPOSITIVE>true</ISDEEMEDPOSITIVE>
   <ISPARTYLEDGER>true</ISPARTYLEDGER>
   <AMOUNT>
    <AMOUNT>14235</AMOUNT>
    <CURRENCY>₹</CURRENCY>
    <FOREXSYMBOL>- * -</FOREXSYMBOL>
    <ISDEBIT>true</ISDEBIT>
   </AMOUNT>
   <BILLALLOCATIONS.LIST>
    <BILLTYPE>AgstRef</BILLTYPE>
    <NAME>12</NAME>
    <BILLCREDITPERIOD>
     <DUEONDATE>2010-04-01</DUEONDATE>
     <INDAYS>45</INDAYS>
     <INTEXT>45 Days</INTEXT>
    </BILLCREDITPERIOD>
    <AMOUNT>
     <AMOUNT>14235</AMOUNT>
     <CURRENCY>₹</CURRENCY>
     <FOREXSYMBOL>- * -</FOREXSYMBOL>
     <ISDEBIT>true</ISDEBIT>
    </AMOUNT>
   </BILLALLOCATIONS.LIST>
  </ALLLEDGERENTRIES.LIST>
  <ALLLEDGERENTRIES.LIST>
   <INDEXNUMBER>2</INDEXNUMBER>
   <LEDGERNAME>Canara Bank</LEDGERNAME>
   <VCHLEDGERTYPE>Others</VCHLEDGERTYPE>
   <ISDEEMEDPOSITIVE>false</ISDEEMEDPOSITIVE>
   <ISPARTYLEDGER>true</ISPARTYLEDGER>
   <AMOUNT>
    <AMOUNT>14235</AMOUNT>
    <CURRENCY>₹</CURRENCY>
    <FOREXSYMBOL>- * -</FOREXSYMBOL>
    <ISDEBIT>false</ISDEBIT>
   </AMOUNT>
  </ALLLEDGERENTRIES.LIST>
 </VOUCHER>
 <VOUCHER>
  <GUID>52889497-5b6b-403d-8f83-224e3c7759b4-0000039c</GUID>
  <REMOTEALTGUID>52889497-5b6b-403d-8f83-224e3c7759b4</REMOTEALTGUID>
  <MASTERID>924</MASTERID>
  <ALTERID>7033</ALTERID>
  <ENTEREDBY>A</ENTEREDBY>
  <DATE>2010-03-14</DATE>
  <EFFECTIVEDATE>2010-03-14</EFFECTIVEDATE>
  <VOUCHERTYPENAME>Payment</VOUCHERTYPENAME>
  <PERSISTEDVIEW>AccountingVoucherView</PERSISTEDVIEW>
  <VCHGSTCLASS>Not Applicable</VCHGSTCLASS>
  <ISCOSTCENTRE>false</ISCOSTCENTRE>
  <ISINVOICE>false</ISINVOICE>
  <VOUCHERNUMBER>99</VOUCHERNUMBER>
  <ISOPTIONAL>false</ISOPTIONAL>
  <NARRATION>car hire charges for local csutomer visit</NARRATION>
  <VOUCHERNUMBERSERIES>Default</VOUCHERNUMBERSERIES>
  <GSTREGISTRATION>Not Applicable</GSTREGISTRATION>
  <ISCANCELLED>false</ISCANCELLED>
  <OVRDNEWAYBILLAPPLICABILITY>false</OVRDNEWAYBILLAPPLICABILITY>
  <ALLLEDGERENTRIES.LIST>
   <INDEXNUMBER>1</INDEXNUMBER>
   <LEDGERNAME>Travelling &amp; Conveyance</LEDGERNAME>
   <VCHLEDGERTYPE>Others</VCHLEDGERTYPE>
   <ISDEEMEDPOSITIVE>true</ISDEEMEDPOSITIVE>
   <ISPARTYLEDGER>false</ISPARTYLEDGER>
   <AMOUNT>
    <AMOUNT>1789</AMOUNT>
    <CURRENCY>₹</CURRENCY>
    <FOREXSYMBOL>- * -</FOREXSYMBOL>
    <ISDEBIT>true</ISDEBIT>
   </AMOUNT>
  </ALLLEDGERENTRIES.LIST>
  <ALLLEDGERENTRIES.LIST>
   <INDEXNUMBER>2</INDEXNUMBER>
   <LEDGERNAME>Cash</LEDGERNAME>
   <VCHLEDGERTYPE>Others</VCHLEDGERTYPE>
   <ISDEEMEDPOSITIVE>false</ISDEEMEDPOSITIVE>
   <ISPARTYLEDGER>true</ISPARTYLEDGER>
   <AMOUNT>
    <AMOUNT>1789</AMOUNT>
    <CURRENCY>₹</CURRENCY>
    <FOREXSYMBOL>- * -</FOREXSYMBOL>
    <ISDEBIT>false</ISDEBIT>
   </AMOUNT>
  </ALLLEDGERENTRIES.LIST>
 </VOUCHER>
 <VOUCHER>
  <GUID>52889497-5b6b-403d-8f83-224e3c7759b4-0000039e</GUID>
  <REMOTEALTGUID>52889497-5b6b-403d-8f83-224e3c7759b4</REMOTEALTGUID>
  <MASTERID>926</MASTERID>
  <ALTERID>7035</ALTERID>
  <ENTEREDBY>A</ENTEREDBY>
  <DATE>2010-03-15</DATE>
  <EFFECTIVEDATE>2010-03-15</EFFECTIVEDATE>
  <VOUCHERTYPENAME>Payment</VOUCHERTYPENAME>
  <PERSISTEDVIEW>AccountingVoucherView</PERSISTEDVIEW>
  <VCHGSTCLASS>Not Applicable</VCHGSTCLASS>
  <ISCOSTCENTRE>false</ISCOSTCENTRE>
  <ISINVOICE>false</ISINVOICE>
  <VOUCHERNUMBER>100</VOUCHERNUMBER>
  <ISOPTIONAL>false</ISOPTIONAL>
  <NARRATION>salary paid to watchman for the month of february 2008</NARRATION>
  <VOUCHERNUMBERSERIES>Default</VOUCHERNUMBERSERIES>
  <GSTREGISTRATION>Not Applicable</GSTREGISTRATION>
  <ISCANCELLED>false</ISCANCELLED>
  <OVRDNEWAYBILLAPPLICABILITY>false</OVRDNEWAYBILLAPPLICABILITY>
  <ALLLEDGERENTRIES.LIST>
   <INDEXNUMBER>1</INDEXNUMBER>
   <LEDGERNAME>Repairs &amp; Maintenance - Buildings</LEDGERNAME>
   <VCHLEDGERTYPE>Others</VCHLEDGERTYPE>
   <ISDEEMEDPOSITIVE>true</ISDEEMEDPOSITIVE>
   <ISPARTYLEDGER>false</ISPARTYLEDGER>
   <AMOUNT>
    <AMOUNT>300</AMOUNT>
    <CURRENCY>₹</CURRENCY>
    <FOREXSYMBOL>- * -</FOREXSYMBOL>
    <ISDEBIT>true</ISDEBIT>
   </AMOUNT>
  </ALLLEDGERENTRIES.LIST>
  <ALLLEDGERENTRIES.LIST>
   <INDEXNUMBER>2</INDEXNUMBER>
   <LEDGERNAME>Cash</LEDGERNAME>
   <VCHLEDGERTYPE>Others</VCHLEDGERTYPE>
   <ISDEEMEDPOSITIVE>false</ISDEEMEDPOSITIVE>
   <ISPARTYLEDGER>true</ISPARTYLEDGER>
   <AMOUNT>
    <AMOUNT>300</AMOUNT>
    <CURRENCY>₹</CURRENCY>
    <FOREXSYMBOL>- * -</FOREXSYMBOL>
    <ISDEBIT>false</ISDEBIT>
   </AMOUNT>
  </ALLLEDGERENTRIES.LIST>
 </VOUCHER>
</ENVELOPE>
