<VOUCHER>
  <DATE>2023-04-01T00:00:00</DATE>
  <VOUCHERTYPENAME>Sales</VOUCHERTYPENAME>
  <VOUCHERNUMBER>001</VOUCHERNUMBER>
  <PARTYNAME>Test Party</PARTYNAME>
  <NARRATION>Sample Voucher for Testing</NARRATION>
  <ALLLEDGERENTRIES.LIST>
    <LEDGERNAME>Test Party</LEDGERNAME>
    <ISDEEMEDPOSITIVE>true</ISDEEMEDPOSITIVE>
    <AMOUNT>-1000.00</AMOUNT>
  </ALLLEDGERENTRIES.LIST>
  <ALLLEDGERENTRIES.LIST>
    <LEDGERNAME>Sales Account</LEDGERNAME>
    <ISDEEMEDPOSITIVE>false</ISDEEMEDPOSITIVE>
    <AMOUNT>1000.00</AMOUNT>
  </ALLLEDGERENTRIES.LIST>
</VOUCHER>
