<ENVELOPE>
 <VOUCHER>
  <GUID>52889497-5b6b-403d-8f83-224e3c7759b4-00000329</GUID>
  <REMOTEALTGUID>52889497-5b6b-403d-8f83-224e3c7759b4</REMOTEALTGUID>
  <MASTERID>809</MASTERID>
  <ALTERID>6903</ALTERID>
  <ENTEREDBY>A</ENTEREDBY>
  <DATE>2010-01-31</DATE>
  <EFFECTIVEDATE>2010-01-31</EFFECTIVEDATE>
  <VOUCHERTYPENAME>Journal</VOUCHERTYPENAME>
  <PERSISTEDVIEW>AccountingVoucherView</PERSISTEDVIEW>
  <VCHGSTCLASS>Not Applicable</VCHGSTCLASS>
  <ISCOSTCENTRE>false</ISCOSTCENTRE>
  <ISINVOICE>false</ISINVOICE>
  <VOUCHERNUMBER>1</VOUCHERNUMBER>
  <ISOPTIONAL>false</ISOPTIONAL>
  <NARRATION>Being Petrol Expenses dur for Jan`08</NARRATION>
  <VOUCHERNUMBERSERIES>Default</VOUCHERNUMBERSERIES>
  <GSTREGISTRATION>Not Applicable</GSTREGISTRATION>
  <ISCANCELLED>false</ISCANCELLED>
  <OVRDNEWAYBILLAPPLICABILITY>false</OVRDNEWAYBILLAPPLICABILITY>
  <ALLLEDGERENTRIES.LIST>
   <INDEXNUMBER>1</INDEXNUMBER>
   <LEDGERNAME>Petrol Expenses</LEDGERNAME>
   <VCHLEDGERTYPE>Others</VCHLEDGERTYPE>
   <ISDEEMEDPOSITIVE>true</ISDEEMEDPOSITIVE>
   <ISPARTYLEDGER>false</ISPARTYLEDGER>
   <AMOUNT>
    <AMOUNT>2640</AMOUNT>
    <CURRENCY>₹</CURRENCY>
    <FOREXSYMBOL>- * -</FOREXSYMBOL>
    <ISDEBIT>true</ISDEBIT>
   </AMOUNT>
  </ALLLEDGERENTRIES.LIST>
  <ALLLEDGERENTRIES.LIST>
   <INDEXNUMBER>2</INDEXNUMBER>
   <LEDGERNAME>Bharat Petroleum</LEDGERNAME>
   <VCHLEDGERTYPE>Others</VCHLEDGERTYPE>
   <ISDEEMEDPOSITIVE>false</ISDEEMEDPOSITIVE>
   <ISPARTYLEDGER>true</ISPARTYLEDGER>
   <AMOUNT>
    <AMOUNT>2640</AMOUNT>
    <CURRENCY>₹</CURRENCY>
    <FOREXSYMBOL>- * -</FOREXSYMBOL>
    <ISDEBIT>false</ISDEBIT>
   </AMOUNT>
   <BILLALLOCATIONS.LIST>
    <BILLTYPE>NewRef</BILLTYPE>
    <NAME>3111</NAME>
    <AMOUNT>
     <AMOUNT>2640</AMOUNT>
     <CURRENCY>₹</CURRENCY>
     <FOREXSYMBOL>- * -</FOREXSYMBOL>
     <ISDEBIT>false</ISDEBIT>
    </AMOUNT>
   </BILLALLOCATIONS.LIST>
  </ALLLEDGERENTRIES.LIST>
 </VOUCHER>
 <VOUCHER>
  <GUID>52889497-5b6b-403d-8f83-224e3c7759b4-0000032a</GUID>
  <REMOTEALTGUID>52889497-5b6b-403d-8f83-224e3c7759b4</REMOTEALTGUID>
  <MASTERID>810</MASTERID>
  <ALTERID>6904</ALTERID>
  <ENTEREDBY>A</ENTEREDBY>
  <DATE>2010-01-31</DATE>
  <EFFECTIVEDATE>2010-01-31</EFFECTIVEDATE>
  <VOUCHERTYPENAME>Journal</VOUCHERTYPENAME>
  <PERSISTEDVIEW>AccountingVoucherView</PERSISTEDVIEW>
  <VCHGSTCLASS>Not Applicable</VCHGSTCLASS>
  <ISCOSTCENTRE>false</ISCOSTCENTRE>
  <ISINVOICE>false</ISINVOICE>
  <VOUCHERNUMBER>2</VOUCHERNUMBER>
  <ISOPTIONAL>false</ISOPTIONAL>
  <NARRATION>Being transportation charges on purchases.</NARRATION>
  <VOUCHERNUMBERSERIES>Default</VOUCHERNUMBERSERIES>
  <GSTREGISTRATION>Not Applicable</GSTREGISTRATION>
  <ISCANCELLED>false</ISCANCELLED>
  <OVRDNEWAYBILLAPPLICABILITY>false</OVRDNEWAYBILLAPPLICABILITY>
  <ALLLEDGERENTRIES.LIST>
   <INDEXNUMBER>1</INDEXNUMBER>
   <LEDGERNAME>Carriage Inwards</LEDGERNAME>
   <VCHLEDGERTYPE>Others</VCHLEDGERTYPE>
   <ISDEEMEDPOSITIVE>true</ISDEEMEDPOSITIVE>
   <ISPARTYLEDGER>false</ISPARTYLEDGER>
   <AMOUNT>
    <AMOUNT>1250</AMOUNT>
    <CURRENCY>₹</CURRENCY>
    <FOREXSYMBOL>- * -</FOREXSYMBOL>
    <ISDEBIT>true</ISDEBIT>
   </AMOUNT>
  </ALLLEDGERENTRIES.LIST>
  <ALLLEDGERENTRIES.LIST>
   <INDEXNUMBER>2</INDEXNUMBER>
   <LEDGERNAME>Pee Jee  Transports</LEDGERNAME>
   <VCHLEDGERTYPE>Others</VCHLEDGERTYPE>
   <ISDEEMEDPOSITIVE>false</ISDEEMEDPOSITIVE>
   <ISPARTYLEDGER>true</ISPARTYLEDGER>
   <AMOUNT>
    <AMOUNT>1250</AMOUNT>
    <CURRENCY>₹</CURRENCY>
    <FOREXSYMBOL>- * -</FOREXSYMBOL>
    <ISDEBIT>false</ISDEBIT>
   </AMOUNT>
   <BILLALLOCATIONS.LIST>
    <BILLTYPE>NewRef</BILLTYPE>
    <NAME>PJT/174</NAME>
    <BILLCREDITPERIOD>
     <DUEONDATE>2010-03-02</DUEONDATE>
     <INDAYS>30</INDAYS>
     <INTEXT>30 Days</INTEXT>
    </BILLCREDITPERIOD>
    <AMOUNT>
     <AMOUNT>1250</AMOUNT>
     <CURRENCY>₹</CURRENCY>
     <FOREXSYMBOL>- * -</FOREXSYMBOL>
     <ISDEBIT>false</ISDEBIT>
    </AMOUNT>
   </BILLALLOCATIONS.LIST>
  </ALLLEDGERENTRIES.LIST>
 </VOUCHER>
 <VOUCHER>
  <GUID>52889497-5b6b-403d-8f83-224e3c7759b4-0000032b</GUID>
  <REMOTEALTGUID>52889497-5b6b-403d-8f83-224e3c7759b4</REMOTEALTGUID>
  <MASTERID>811</MASTERID>
  <ALTERID>6905</ALTERID>
  <ENTEREDBY>A</ENTEREDBY>
  <DATE>2010-01-31</DATE>
  <EFFECTIVEDATE>2010-01-31</EFFECTIVEDATE>
  <VOUCHERTYPENAME>Journal</VOUCHERTYPENAME>
  <PERSISTEDVIEW>AccountingVoucherView</PERSISTEDVIEW>
  <VCHGSTCLASS>Not Applicable</VCHGSTCLASS>
  <ISCOSTCENTRE>false</ISCOSTCENTRE>
  <ISINVOICE>false</ISINVOICE>
  <VOUCHERNUMBER>3</VOUCHERNUMBER>
  <ISOPTIONAL>false</ISOPTIONAL>
  <NARRATION>Being Transportation charges due for the month of Jan`08</NARRATION>
  <VOUCHERNUMBERSERIES>Default</VOUCHERNUMBERSERIES>
  <GSTREGISTRATION>Not Applicable</GSTREGISTRATION>
  <ISCANCELLED>false</ISCANCELLED>
  <OVRDNEWAYBILLAPPLICABILITY>false</OVRDNEWAYBILLAPPLICABILITY>
  <ALLLEDGERENTRIES.LIST>
   <INDEXNUMBER>1</INDEXNUMBER>
   <LEDGERNAME>Transportation &amp; Packaging</LEDGERNAME>
   <VCHLEDGERTYPE>Others</VCHLEDGERTYPE>
   <ISDEEMEDPOSITIVE>true</ISDEEMEDPOSITIVE>
   <ISPARTYLEDGER>false</ISPARTYLEDGER>
   <AMOUNT>
    <AMOUNT>2500</AMOUNT>
    <CURRENCY>₹</CURRENCY>
    <FOREXSYMBOL>- * -</FOREXSYMBOL>
    <ISDEBIT>true</ISDEBIT>
   </AMOUNT>
  </ALLLEDGERENTRIES.LIST>
  <ALLLEDGERENTRIES.LIST>
   <INDEXNUMBER>2</INDEXNUMBER>
   <LEDGERNAME>Jet Roadways (P) Ltd.,</LEDGERNAME>
   <VCHLEDGERTYPE>Others</VCHLEDGERTYPE>
   <ISDEEMEDPOSITIVE>false</ISDEEMEDPOSITIVE>
   <ISPARTYLEDGER>true</ISPARTYLEDGER>
   <AMOUNT>
    <AMOUNT>2500</AMOUNT>
    <CURRENCY>₹</CURRENCY>
    <FOREXSYMBOL>- * -</FOREXSYMBOL>
    <ISDEBIT>false</ISDEBIT>
   </AMOUNT>
   <BILLALLOCATIONS.LIST>
    <BILLTYPE>NewRef</BILLTYPE>
    <NAME>893</NAME>
    <AMOUNT>
     <AMOUNT>2500</AMOUNT>
     <CURRENCY>₹</CURRENCY>
     <FOREXSYMBOL>- * -</FOREXSYMBOL>
     <ISDEBIT>false</ISDEBIT>
    </AMOUNT>
   </BILLALLOCATIONS.LIST>
  </ALLLEDGERENTRIES.LIST>
 </VOUCHER>
 <VOUCHER>
  <GUID>52889497-5b6b-403d-8f83-224e3c7759b4-0000033a</GUID>
  <REMOTEALTGUID>52889497-5b6b-403d-8f83-224e3c7759b4</REMOTEALTGUID>
  <MASTERID>826</MASTERID>
  <ALTERID>6912</ALTERID>
  <ENTEREDBY>A</ENTEREDBY>
  <DATE>2010-01-31</DATE>
  <EFFECTIVEDATE>2010-01-31</EFFECTIVEDATE>
  <VOUCHERTYPENAME>Journal</VOUCHERTYPENAME>
  <PERSISTEDVIEW>AccountingVoucherView</PERSISTEDVIEW>
  <VCHGSTCLASS>Not Applicable</VCHGSTCLASS>
  <ISCOSTCENTRE>false</ISCOSTCENTRE>
  <ISINVOICE>false</ISINVOICE>
  <VOUCHERNUMBER>4</VOUCHERNUMBER>
  <ISOPTIONAL>false</ISOPTIONAL>
  <VOUCHERNUMBERSERIES>Default</VOUCHERNUMBERSERIES>
  <GSTREGISTRATION>Not Applicable</GSTREGISTRATION>
  <ISCANCELLED>false</ISCANCELLED>
  <OVRDNEWAYBILLAPPLICABILITY>false</OVRDNEWAYBILLAPPLICABILITY>
  <ALLLEDGERENTRIES.LIST>
   <INDEXNUMBER>1</INDEXNUMBER>
   <LEDGERNAME>Output VAT @ 12.5%</LEDGERNAME>
   <LEDGERTAXTYPE>On VAT Rate</LEDGERTAXTYPE>
   <VCHLEDGERTYPE>VAT</VCHLEDGERTYPE>
   <ISDEEMEDPOSITIVE>true</ISDEEMEDPOSITIVE>
   <ISPARTYLEDGER>false</ISPARTYLEDGER>
   <AMOUNT>
    <AMOUNT>187669.51</AMOUNT>
    <CURRENCY>₹</CURRENCY>
    <FOREXSYMBOL>- * -</FOREXSYMBOL>
    <ISDEBIT>true</ISDEBIT>
   </AMOUNT>
  </ALLLEDGERENTRIES.LIST>
  <ALLLEDGERENTRIES.LIST>
   <INDEXNUMBER>2</INDEXNUMBER>
   <LEDGERNAME>Output VAT @ 4%</LEDGERNAME>
   <LEDGERTAXTYPE>On VAT Rate</LEDGERTAXTYPE>
   <VCHLEDGERTYPE>VAT</VCHLEDGERTYPE>
   <ISDEEMEDPOSITIVE>true</ISDEEMEDPOSITIVE>
   <ISPARTYLEDGER>false</ISPARTYLEDGER>
   <AMOUNT>
    <AMOUNT>35334</AMOUNT>
    <CURRENCY>₹</CURRENCY>
    <FOREXSYMBOL>- * -</FOREXSYMBOL>
    <ISDEBIT>true</ISDEBIT>
   </AMOUNT>
  </ALLLEDGERENTRIES.LIST>
  <ALLLEDGERENTRIES.LIST>
   <INDEXNUMBER>3</INDEXNUMBER>
   <LEDGERNAME>Input VAT @ 4%</LEDGERNAME>
   <LEDGERTAXTYPE>On VAT Rate</LEDGERTAXTYPE>
   <VCHLEDGERTYPE>VAT</VCHLEDGERTYPE>
   <ISDEEMEDPOSITIVE>false</ISDEEMEDPOSITIVE>
   <ISPARTYLEDGER>false</ISPARTYLEDGER>
   <AMOUNT>
    <AMOUNT>35750</AMOUNT>
    <CURRENCY>₹</CURRENCY>
    <FOREXSYMBOL>- * -</FOREXSYMBOL>
    <ISDEBIT>false</ISDEBIT>
   </AMOUNT>
  </ALLLEDGERENTRIES.LIST>
  <ALLLEDGERENTRIES.LIST>
   <INDEXNUMBER>4</INDEXNUMBER>
   <LEDGERNAME>Input VAT - Capital Goods @ 4%</LEDGERNAME>
   <LEDGERTAXTYPE>On VAT Rate</LEDGERTAXTYPE>
   <VCHLEDGERTYPE>VAT</VCHLEDGERTYPE>
   <ISDEEMEDPOSITIVE>false</ISDEEMEDPOSITIVE>
   <ISPARTYLEDGER>false</ISPARTYLEDGER>
   <AMOUNT>
    <AMOUNT>61000</AMOUNT>
    <CURRENCY>₹</CURRENCY>
    <FOREXSYMBOL>- * -</FOREXSYMBOL>
    <ISDEBIT>false</ISDEBIT>
   </AMOUNT>
  </ALLLEDGERENTRIES.LIST>
  <ALLLEDGERENTRIES.LIST>
   <INDEXNUMBER>5</INDEXNUMBER>
   <LEDGERNAME>VAT Payable</LEDGERNAME>
   <LEDGERTAXTYPE>On VAT Rate</LEDGERTAXTYPE>
   <VCHLEDGERTYPE>VAT</VCHLEDGERTYPE>
   <ISDEEMEDPOSITIVE>false</ISDEEMEDPOSITIVE>
   <ISPARTYLEDGER>false</ISPARTYLEDGER>
   <AMOUNT>
    <AMOUNT>126253.51</AMOUNT>
    <CURRENCY>₹</CURRENCY>
    <FOREXSYMBOL>- * -</FOREXSYMBOL>
    <ISDEBIT>false</ISDEBIT>
   </AMOUNT>
  </ALLLEDGERENTRIES.LIST>
 </VOUCHER>
 <VOUCHER>
  <GUID>52889497-5b6b-403d-8f83-224e3c7759b4-000011f8</GUID>
  <REMOTEALTGUID>52889497-5b6b-403d-8f83-224e3c7759b4</REMOTEALTGUID>
  <MASTERID>4600</MASTERID>
  <ALTERID>6916</ALTERID>
  <ENTEREDBY>A</ENTEREDBY>
  <DATE>2010-01-31</DATE>
  <EFFECTIVEDATE>2010-01-31</EFFECTIVEDATE>
  <VOUCHERTYPENAME>Journal</VOUCHERTYPENAME>
  <PERSISTEDVIEW>AccountingVoucherView</PERSISTEDVIEW>
  <VCHGSTCLASS>Not Applicable</VCHGSTCLASS>
  <ISCOSTCENTRE>false</ISCOSTCENTRE>
  <ISINVOICE>false</ISINVOICE>
  <VOUCHERNUMBER>5</VOUCHERNUMBER>
  <ISOPTIONAL>false</ISOPTIONAL>
  <VOUCHERNUMBERSERIES>Default</VOUCHERNUMBERSERIES>
  <GSTREGISTRATION>Not Applicable</GSTREGISTRATION>
  <ISCANCELLED>false</ISCANCELLED>
  <OVRDNEWAYBILLAPPLICABILITY>false</OVRDNEWAYBILLAPPLICABILITY>
  <ALLLEDGERENTRIES.LIST>
   <INDEXNUMBER>1</INDEXNUMBER>
   <LEDGERNAME>PF Admin Expense</LEDGERNAME>
   <VCHLEDGERTYPE>Others</VCHLEDGERTYPE>
   <ISDEEMEDPOSITIVE>true</ISDEEMEDPOSITIVE>
   <ISPARTYLEDGER>false</ISPARTYLEDGER>
   <AMOUNT>
    <AMOUNT>331.90</AMOUNT>
    <CURRENCY>₹</CURRENCY>
    <FOREXSYMBOL>- * -</FOREXSYMBOL>
    <ISDEBIT>true</ISDEBIT>
   </AMOUNT>
  </ALLLEDGERENTRIES.LIST>
  <ALLLEDGERENTRIES.LIST>
   <INDEXNUMBER>2</INDEXNUMBER>
   <LEDGERNAME>PF Admin Charges @ 1.10%</LEDGERNAME>
   <VCHLEDGERTYPE>Others</VCHLEDGERTYPE>
   <ISDEEMEDPOSITIVE>false</ISDEEMEDPOSITIVE>
   <ISPARTYLEDGER>false</ISPARTYLEDGER>
   <AMOUNT>
    <AMOUNT>319</AMOUNT>
    <CURRENCY>₹</CURRENCY>
    <FOREXSYMBOL>- * -</FOREXSYMBOL>
    <ISDEBIT>false</ISDEBIT>
   </AMOUNT>
  </ALLLEDGERENTRIES.LIST>
  <ALLLEDGERENTRIES.LIST>
   <INDEXNUMBER>3</INDEXNUMBER>
   <LEDGERNAME>DLI Contribution @ 0.5%</LEDGERNAME>
   <VCHLEDGERTYPE>Others</VCHLEDGERTYPE>
   <ISDEEMEDPOSITIVE>false</ISDEEMEDPOSITIVE>
   <ISPARTYLEDGER>false</ISPARTYLEDGER>
   <AMOUNT>
    <AMOUNT>10</AMOUNT>
    <CURRENCY>₹</CURRENCY>
    <FOREXSYMBOL>- * -</FOREXSYMBOL>
    <ISDEBIT>false</ISDEBIT>
   </AMOUNT>
  </ALLLEDGERENTRIES.LIST>
  <ALLLEDGERENTRIES.LIST>
   <INDEXNUMBER>4</INDEXNUMBER>
   <LEDGERNAME>EDLI Admin Charges @ 0.01%</LEDGERNAME>
   <VCHLEDGERTYPE>Others</VCHLEDGERTYPE>
   <ISDEEMEDPOSITIVE>false</ISDEEMEDPOSITIVE>
   <ISPARTYLEDGER>false</ISPARTYLEDGER>
   <AMOUNT>
    <AMOUNT>2.90</AMOUNT>
    <CURRENCY>₹</CURRENCY>
    <FOREXSYMBOL>- * -</FOREXSYMBOL>
    <ISDEBIT>false</ISDEBIT>
   </AMOUNT>
  </ALLLEDGERENTRIES.LIST>
 </VOUCHER>
 <VOUCHER>
  <GUID>52889497-5b6b-403d-8f83-224e3c7759b4-00000350</GUID>
  <REMOTEALTGUID>52889497-5b6b-403d-8f83-224e3c7759b4</REMOTEALTGUID>
  <MASTERID>848</MASTERID>
  <ALTERID>6958</ALTERID>
  <ENTEREDBY>A</ENTEREDBY>
  <DATE>2010-02-12</DATE>
  <EFFECTIVEDATE>2010-02-12</EFFECTIVEDATE>
  <VOUCHERTYPENAME>Journal</VOUCHERTYPENAME>
  <PERSISTEDVIEW>AccountingVoucherView</PERSISTEDVIEW>
  <VCHGSTCLASS>Not Applicable</VCHGSTCLASS>
  <ISCOSTCENTRE>false</ISCOSTCENTRE>
  <ISINVOICE>false</ISINVOICE>
  <VOUCHERNUMBER>6</VOUCHERNUMBER>
  <ISOPTIONAL>false</ISOPTIONAL>
  <NARRATION>Being Vehicle overhauling &amp; servicing expenses.</NARRATION>
  <VOUCHERNUMBERSERIES>Default</VOUCHERNUMBERSERIES>
  <GSTREGISTRATION>Not Applicable</GSTREGISTRATION>
  <ISCANCELLED>false</ISCANCELLED>
  <OVRDNEWAYBILLAPPLICABILITY>false</OVRDNEWAYBILLAPPLICABILITY>
  <ALLLEDGERENTRIES.LIST>
   <INDEXNUMBER>1</INDEXNUMBER>
   <LEDGERNAME>Vehicle Repairs &amp; Maintenance</LEDGERNAME>
   <VCHLEDGERTYPE>Others</VCHLEDGERTYPE>
   <ISDEEMEDPOSITIVE>true</ISDEEMEDPOSITIVE>
   <ISPARTYLEDGER>false</ISPARTYLEDGER>
   <AMOUNT>
    <AMOUNT>6545</AMOUNT>
    <CURRENCY>₹</CURRENCY>
    <FOREXSYMBOL>- * -</FOREXSYMBOL>
    <ISDEBIT>true</ISDEBIT>
   </AMOUNT>
  </ALLLEDGERENTRIES.LIST>
  <ALLLEDGERENTRIES.LIST>
   <INDEXNUMBER>2</INDEXNUMBER>
   <LEDGERNAME>Maruti Udyog Service Centre</LEDGERNAME>
   <VCHLEDGERTYPE>Others</VCHLEDGERTYPE>
   <ISDEEMEDPOSITIVE>false</ISDEEMEDPOSITIVE>
   <ISPARTYLEDGER>true</ISPARTYLEDGER>
   <AMOUNT>
    <AMOUNT>6545</AMOUNT>
    <CURRENCY>₹</CURRENCY>
    <FOREXSYMBOL>- * -</FOREXSYMBOL>
    <ISDEBIT>false</ISDEBIT>
   </AMOUNT>
   <BILLALLOCATIONS.LIST>
    <BILLTYPE>NewRef</BILLTYPE>
    <NAME>2654</NAME>
    <AMOUNT>
     <AMOUNT>6545</AMOUNT>
     <CURRENCY>₹</CURRENCY>
     <FOREXSYMBOL>- * -</FOREXSYMBOL>
     <ISDEBIT>false</ISDEBIT>
    </AMOUNT>
   </BILLALLOCATIONS.LIST>
  </ALLLEDGERENTRIES.LIST>
 </VOUCHER>
 <VOUCHER>
  <GUID>52889497-5b6b-403d-8f83-224e3c7759b4-00000351</GUID>
  <REMOTEALTGUID>52889497-5b6b-403d-8f83-224e3c7759b4</REMOTEALTGUID>
  <MASTERID>849</MASTERID>
  <ALTERID>6959</ALTERID>
  <ENTEREDBY>A</ENTEREDBY>
  <DATE>2010-02-15</DATE>
  <EFFECTIVEDATE>2010-02-15</EFFECTIVEDATE>
  <VOUCHERTYPENAME>Journal</VOUCHERTYPENAME>
  <PERSISTEDVIEW>AccountingVoucherView</PERSISTEDVIEW>
  <VCHGSTCLASS>Not Applicable</VCHGSTCLASS>
  <ISCOSTCENTRE>false</ISCOSTCENTRE>
  <ISINVOICE>false</ISINVOICE>
  <VOUCHERNUMBER>7</VOUCHERNUMBER>
  <ISOPTIONAL>false</ISOPTIONAL>
  <NARRATION>commission paid to Eternal consultants for procurement of orders during Jan`08</NARRATION>
  <VOUCHERNUMBERSERIES>Default</VOUCHERNUMBERSERIES>
  <GSTREGISTRATION>Not Applicable</GSTREGISTRATION>
  <ISCANCELLED>false</ISCANCELLED>
  <OVRDNEWAYBILLAPPLICABILITY>false</OVRDNEWAYBILLAPPLICABILITY>
  <ALLLEDGERENTRIES.LIST>
   <INDEXNUMBER>1</INDEXNUMBER>
   <LEDGERNAME>Commission Paid</LEDGERNAME>
   <VCHLEDGERTYPE>Others</VCHLEDGERTYPE>
   <ISDEEMEDPOSITIVE>true</ISDEEMEDPOSITIVE>
   <ISPARTYLEDGER>false</ISPARTYLEDGER>
   <AMOUNT>
    <AMOUNT>15000</AMOUNT>
    <CURRENCY>₹</CURRENCY>
    <FOREXSYMBOL>- * -</FOREXSYMBOL>
    <ISDEBIT>true</ISDEBIT>
   </AMOUNT>
  </ALLLEDGERENTRIES.LIST>
  <ALLLEDGERENTRIES.LIST>
   <INDEXNUMBER>2</INDEXNUMBER>
   <LEDGERNAME>Eternal Consultants</LEDGERNAME>
   <VCHLEDGERTYPE>Others</VCHLEDGERTYPE>
   <ISDEEMEDPOSITIVE>false</ISDEEMEDPOSITIVE>
   <ISPARTYLEDGER>true</ISPARTYLEDGER>
   <AMOUNT>
    <AMOUNT>15000</AMOUNT>
    <CURRENCY>₹</CURRENCY>
    <FOREXSYMBOL>- * -</FOREXSYMBOL>
    <ISDEBIT>false</ISDEBIT>
   </AMOUNT>
   <BILLALLOCATIONS.LIST>
    <BILLTYPE>NewRef</BILLTYPE>
    <NAME>12</NAME>
    <BILLCREDITPERIOD>
     <DUEONDATE>2010-04-01</DUEONDATE>
     <INDAYS>45</INDAYS>
     <INTEXT>45 Days</INTEXT>
    </BILLCREDITPERIOD>
    <AMOUNT>
     <AMOUNT>15000</AMOUNT>
     <CURRENCY>₹</CURRENCY>
     <FOREXSYMBOL>- * -</FOREXSYMBOL>
     <ISDEBIT>false</ISDEBIT>
    </AMOUNT>
   </BILLALLOCATIONS.LIST>
  </ALLLEDGERENTRIES.LIST>
 </VOUCHER>
 <VOUCHER>
  <GUID>52889497-5b6b-403d-8f83-224e3c7759b4-00000357</GUID>
  <REMOTEALTGUID>52889497-5b6b-403d-8f83-224e3c7759b4</REMOTEALTGUID>
  <MASTERID>855</MASTERID>
  <ALTERID>6965</ALTERID>
  <ENTEREDBY>A</ENTEREDBY>
  <DATE>2010-02-18</DATE>
  <EFFECTIVEDATE>2010-02-18</EFFECTIVEDATE>
  <VOUCHERTYPENAME>Journal</VOUCHERTYPENAME>
  <PERSISTEDVIEW>AccountingVoucherView</PERSISTEDVIEW>
  <VCHGSTCLASS>Not Applicable</VCHGSTCLASS>
  <ISCOSTCENTRE>false</ISCOSTCENTRE>
  <ISINVOICE>false</ISINVOICE>
  <VOUCHERNUMBER>8</VOUCHERNUMBER>
  <ISOPTIONAL>false</ISOPTIONAL>
  <NARRATION>Being forex loss accounted</NARRATION>
  <VOUCHERNUMBERSERIES>Default</VOUCHERNUMBERSERIES>
  <GSTREGISTRATION>Not Applicable</GSTREGISTRATION>
  <ISCANCELLED>false</ISCANCELLED>
  <OVRDNEWAYBILLAPPLICABILITY>false</OVRDNEWAYBILLAPPLICABILITY>
  <ALLLEDGERENTRIES.LIST>
   <INDEXNUMBER>1</INDEXNUMBER>
   <LEDGERNAME>Fuzitsy Systems</LEDGERNAME>
   <VCHLEDGERTYPE>Others</VCHLEDGERTYPE>
   <ISDEEMEDPOSITIVE>false</ISDEEMEDPOSITIVE>
   <ISPARTYLEDGER>true</ISPARTYLEDGER>
   <AMOUNT>
    <AMOUNT>1283.75</AMOUNT>
    <CURRENCY>₹</CURRENCY>
    <FOREXSYMBOL>- * -</FOREXSYMBOL>
    <ISDEBIT>false</ISDEBIT>
   </AMOUNT>
  </ALLLEDGERENTRIES.LIST>
  <ALLLEDGERENTRIES.LIST>
   <INDEXNUMBER>2</INDEXNUMBER>
   <LEDGERNAME>Forex Gain/Loss</LEDGERNAME>
   <VCHLEDGERTYPE>Others</VCHLEDGERTYPE>
   <ISDEEMEDPOSITIVE>true</ISDEEMEDPOSITIVE>
   <ISPARTYLEDGER>false</ISPARTYLEDGER>
   <AMOUNT>
    <AMOUNT>1283.75</AMOUNT>
    <CURRENCY>₹</CURRENCY>
    <FOREXSYMBOL>- * -</FOREXSYMBOL>
    <ISDEBIT>true</ISDEBIT>
   </AMOUNT>
  </ALLLEDGERENTRIES.LIST>
 </VOUCHER>
 <VOUCHER>
  <GUID>52889497-5b6b-403d-8f83-224e3c7759b4-00000358</GUID>
  <REMOTEALTGUID>52889497-5b6b-403d-8f83-224e3c7759b4</REMOTEALTGUID>
  <MASTERID>856</MASTERID>
  <ALTERID>6966</ALTERID>
  <ENTEREDBY>A</ENTEREDBY>
  <DATE>2010-02-18</DATE>
  <EFFECTIVEDATE>2010-02-18</EFFECTIVEDATE>
  <VOUCHERTYPENAME>Journal</VOUCHERTYPENAME>
  <PERSISTEDVIEW>AccountingVoucherView</PERSISTEDVIEW>
  <VCHGSTCLASS>Not Applicable</VCHGSTCLASS>
  <ISCOSTCENTRE>false</ISCOSTCENTRE>
  <ISINVOICE>false</ISINVOICE>
  <VOUCHERNUMBER>9</VOUCHERNUMBER>
  <ISOPTIONAL>false</ISOPTIONAL>
  <NARRATION>seminar fees paid to CII , Mumbai paid through credit card</NARRATION>
  <VOUCHERNUMBERSERIES>Default</VOUCHERNUMBERSERIES>
  <GSTREGISTRATION>Not Applicable</GSTREGISTRATION>
  <ISCANCELLED>false</ISCANCELLED>
  <OVRDNEWAYBILLAPPLICABILITY>false</OVRDNEWAYBILLAPPLICABILITY>
  <ALLLEDGERENTRIES.LIST>
   <INDEXNUMBER>1</INDEXNUMBER>
   <LEDGERNAME>Training &amp; Orientation Expenses</LEDGERNAME>
   <VCHLEDGERTYPE>Others</VCHLEDGERTYPE>
   <ISDEEMEDPOSITIVE>true</ISDEEMEDPOSITIVE>
   <ISPARTYLEDGER>false</ISPARTYLEDGER>
   <AMOUNT>
    <AMOUNT>9300</AMOUNT>
    <CURRENCY>₹</CURRENCY>
    <FOREXSYMBOL>- * -</FOREXSYMBOL>
    <ISDEBIT>true</ISDEBIT>
   </AMOUNT>
  </ALLLEDGERENTRIES.LIST>
  <ALLLEDGERENTRIES.LIST>
   <INDEXNUMBER>2</INDEXNUMBER>
   <LEDGERNAME>HDFC Silver Credit Card</LEDGERNAME>
   <VCHLEDGERTYPE>Others</VCHLEDGERTYPE>
   <ISDEEMEDPOSITIVE>false</ISDEEMEDPOSITIVE>
   <ISPARTYLEDGER>false</ISPARTYLEDGER>
   <AMOUNT>
    <AMOUNT>9300</AMOUNT>
    <CURRENCY>₹</CURRENCY>
    <FOREXSYMBOL>- * -</FOREXSYMBOL>
    <ISDEBIT>false</ISDEBIT>
   </AMOUNT>
  </ALLLEDGERENTRIES.LIST>
 </VOUCHER>
 <VOUCHER>
  <GUID>52889497-5b6b-403d-8f83-224e3c7759b4-00000363</GUID>
  <REMOTEALTGUID>52889497-5b6b-403d-8f83-224e3c7759b4</REMOTEALTGUID>
  <MASTERID>867</MASTERID>
  <ALTERID>6976</ALTERID>
  <ENTEREDBY>A</ENTEREDBY>
  <DATE>2010-02-25</DATE>
  <EFFECTIVEDATE>2010-02-25</EFFECTIVEDATE>
  <VOUCHERTYPENAME>Journal</VOUCHERTYPENAME>
  <PERSISTEDVIEW>AccountingVoucherView</PERSISTEDVIEW>
  <VCHGSTCLASS>Not Applicable</VCHGSTCLASS>
  <ISCOSTCENTRE>false</ISCOSTCENTRE>
  <ISINVOICE>false</ISINVOICE>
  <VOUCHERNUMBER>10</VOUCHERNUMBER>
  <ISOPTIONAL>false</ISOPTIONAL>
  <NARRATION>Being obsolete fixed assets - furniture written off.</NARRATION>
  <VOUCHERNUMBERSERIES>Default</VOUCHERNUMBERSERIES>
  <GSTREGISTRATION>Not Applicable</GSTREGISTRATION>
  <ISCANCELLED>false</ISCANCELLED>
  <OVRDNEWAYBILLAPPLICABILITY>false</OVRDNEWAYBILLAPPLICABILITY>
  <ALLLEDGERENTRIES.LIST>
   <INDEXNUMBER>1</INDEXNUMBER>
   <LEDGERNAME>Miscellaneous Expenses</LEDGERNAME>
   <VCHLEDGERTYPE>Others</VCHLEDGERTYPE>
   <ISDEEMEDPOSITIVE>true</ISDEEMEDPOSITIVE>
   <ISPARTYLEDGER>false</ISPARTYLEDGER>
   <AMOUNT>
    <AMOUNT>2580</AMOUNT>
    <CURRENCY>₹</CURRENCY>
    <FOREXSYMBOL>- * -</FOREXSYMBOL>
    <ISDEBIT>true</ISDEBIT>
   </AMOUNT>
  </ALLLEDGERENTRIES.LIST>
  <ALLLEDGERENTRIES.LIST>
   <INDEXNUMBER>2</INDEXNUMBER>
   <LEDGERNAME>Furniture &amp; Fixtures</LEDGERNAME>
   <VCHLEDGERTYPE>Others</VCHLEDGERTYPE>
   <ISDEEMEDPOSITIVE>false</ISDEEMEDPOSITIVE>
   <ISPARTYLEDGER>false</ISPARTYLEDGER>
   <AMOUNT>
    <AMOUNT>2580</AMOUNT>
    <CURRENCY>₹</CURRENCY>
    <FOREXSYMBOL>- * -</FOREXSYMBOL>
    <ISDEBIT>false</ISDEBIT>
   </AMOUNT>
  </ALLLEDGERENTRIES.LIST>
 </VOUCHER>
 <VOUCHER>
  <GUID>52889497-5b6b-403d-8f83-224e3c7759b4-0000036f</GUID>
  <REMOTEALTGUID>52889497-5b6b-403d-8f83-224e3c7759b4</REMOTEALTGUID>
  <MASTERID>879</MASTERID>
  <ALTERID>6991</ALTERID>
  <ENTEREDBY>A</ENTEREDBY>
  <DATE>2010-02-28</DATE>
  <EFFECTIVEDATE>2010-02-28</EFFECTIVEDATE>
  <VOUCHERTYPENAME>Journal</VOUCHERTYPENAME>
  <PERSISTEDVIEW>AccountingVoucherView</PERSISTEDVIEW>
  <VCHGSTCLASS>Not Applicable</VCHGSTCLASS>
  <ISCOSTCENTRE>false</ISCOSTCENTRE>
  <ISINVOICE>false</ISINVOICE>
  <VOUCHERNUMBER>11</VOUCHERNUMBER>
  <ISOPTIONAL>false</ISOPTIONAL>
  <NARRATION>Being Petrol Expenses dur for Feb`08.</NARRATION>
  <VOUCHERNUMBERSERIES>Default</VOUCHERNUMBERSERIES>
  <GSTREGISTRATION>Not Applicable</GSTREGISTRATION>
  <ISCANCELLED>false</ISCANCELLED>
  <OVRDNEWAYBILLAPPLICABILITY>false</OVRDNEWAYBILLAPPLICABILITY>
  <ALLLEDGERENTRIES.LIST>
   <INDEXNUMBER>1</INDEXNUMBER>
   <LEDGERNAME>Petrol Expenses</LEDGERNAME>
   <VCHLEDGERTYPE>Others</VCHLEDGERTYPE>
   <ISDEEMEDPOSITIVE>true</ISDEEMEDPOSITIVE>
   <ISPARTYLEDGER>false</ISPARTYLEDGER>
   <AMOUNT>
    <AMOUNT>2670</AMOUNT>
    <CURRENCY>₹</CURRENCY>
    <FOREXSYMBOL>- * -</FOREXSYMBOL>
    <ISDEBIT>true</ISDEBIT>
   </AMOUNT>
  </ALLLEDGERENTRIES.LIST>
  <ALLLEDGERENTRIES.LIST>
   <INDEXNUMBER>2</INDEXNUMBER>
   <LEDGERNAME>Bharat Petroleum</LEDGERNAME>
   <VCHLEDGERTYPE>Others</VCHLEDGERTYPE>
   <ISDEEMEDPOSITIVE>false</ISDEEMEDPOSITIVE>
   <ISPARTYLEDGER>true</ISPARTYLEDGER>
   <AMOUNT>
    <AMOUNT>2670</AMOUNT>
    <CURRENCY>₹</CURRENCY>
    <FOREXSYMBOL>- * -</FOREXSYMBOL>
    <ISDEBIT>false</ISDEBIT>
   </AMOUNT>
   <BILLALLOCATIONS.LIST>
    <BILLTYPE>NewRef</BILLTYPE>
    <NAME>3666</NAME>
    <AMOUNT>
     <AMOUNT>2670</AMOUNT>
     <CURRENCY>₹</CURRENCY>
     <FOREXSYMBOL>- * -</FOREXSYMBOL>
     <ISDEBIT>false</ISDEBIT>
    </AMOUNT>
   </BILLALLOCATIONS.LIST>
  </ALLLEDGERENTRIES.LIST>
 </VOUCHER>
 <VOUCHER>
  <GUID>52889497-5b6b-403d-8f83-224e3c7759b4-00000370</GUID>
  <REMOTEALTGUID>52889497-5b6b-403d-8f83-224e3c7759b4</REMOTEALTGUID>
  <MASTERID>880</MASTERID>
  <ALTERID>6992</ALTERID>
  <ENTEREDBY>A</ENTEREDBY>
  <DATE>2010-02-28</DATE>
  <EFFECTIVEDATE>2010-02-28</EFFECTIVEDATE>
  <VOUCHERTYPENAME>Journal</VOUCHERTYPENAME>
  <PERSISTEDVIEW>AccountingVoucherView</PERSISTEDVIEW>
  <VCHGSTCLASS>Not Applicable</VCHGSTCLASS>
  <ISCOSTCENTRE>false</ISCOSTCENTRE>
  <ISINVOICE>false</ISINVOICE>
  <VOUCHERNUMBER>12</VOUCHERNUMBER>
  <ISOPTIONAL>false</ISOPTIONAL>
  <NARRATION>Being transportation charges on purchases.</NARRATION>
  <VOUCHERNUMBERSERIES>Default</VOUCHERNUMBERSERIES>
  <GSTREGISTRATION>Not Applicable</GSTREGISTRATION>
  <ISCANCELLED>false</ISCANCELLED>
  <OVRDNEWAYBILLAPPLICABILITY>false</OVRDNEWAYBILLAPPLICABILITY>
  <ALLLEDGERENTRIES.LIST>
   <INDEXNUMBER>1</INDEXNUMBER>
   <LEDGERNAME>Carriage Inwards</LEDGERNAME>
   <VCHLEDGERTYPE>Others</VCHLEDGERTYPE>
   <ISDEEMEDPOSITIVE>true</ISDEEMEDPOSITIVE>
   <ISPARTYLEDGER>false</ISPARTYLEDGER>
   <AMOUNT>
    <AMOUNT>1250</AMOUNT>
    <CURRENCY>₹</CURRENCY>
    <FOREXSYMBOL>- * -</FOREXSYMBOL>
    <ISDEBIT>true</ISDEBIT>
   </AMOUNT>
  </ALLLEDGERENTRIES.LIST>
  <ALLLEDGERENTRIES.LIST>
   <INDEXNUMBER>2</INDEXNUMBER>
   <LEDGERNAME>Pee Jee  Transports</LEDGERNAME>
   <VCHLEDGERTYPE>Others</VCHLEDGERTYPE>
   <ISDEEMEDPOSITIVE>false</ISDEEMEDPOSITIVE>
   <ISPARTYLEDGER>true</ISPARTYLEDGER>
   <AMOUNT>
    <AMOUNT>1250</AMOUNT>
    <CURRENCY>₹</CURRENCY>
    <FOREXSYMBOL>- * -</FOREXSYMBOL>
    <ISDEBIT>false</ISDEBIT>
   </AMOUNT>
   <BILLALLOCATIONS.LIST>
    <BILLTYPE>NewRef</BILLTYPE>
    <NAME>PJT/189</NAME>
    <BILLCREDITPERIOD>
     <DUEONDATE>2010-03-30</DUEONDATE>
     <INDAYS>30</INDAYS>
     <INTEXT>30 Days</INTEXT>
    </BILLCREDITPERIOD>
    <AMOUNT>
     <AMOUNT>1250</AMOUNT>
     <CURRENCY>₹</CURRENCY>
     <FOREXSYMBOL>- * -</FOREXSYMBOL>
     <ISDEBIT>false</ISDEBIT>
    </AMOUNT>
   </BILLALLOCATIONS.LIST>
  </ALLLEDGERENTRIES.LIST>
 </VOUCHER>
 <VOUCHER>
  <GUID>52889497-5b6b-403d-8f83-224e3c7759b4-00000371</GUID>
  <REMOTEALTGUID>52889497-5b6b-403d-8f83-224e3c7759b4</REMOTEALTGUID>
  <MASTERID>881</MASTERID>
  <ALTERID>6993</ALTERID>
  <ENTEREDBY>A</ENTEREDBY>
  <DATE>2010-02-28</DATE>
  <EFFECTIVEDATE>2010-02-28</EFFECTIVEDATE>
  <VOUCHERTYPENAME>Journal</VOUCHERTYPENAME>
  <PERSISTEDVIEW>AccountingVoucherView</PERSISTEDVIEW>
  <VCHGSTCLASS>Not Applicable</VCHGSTCLASS>
  <ISCOSTCENTRE>false</ISCOSTCENTRE>
  <ISINVOICE>false</ISINVOICE>
  <VOUCHERNUMBER>13</VOUCHERNUMBER>
  <ISOPTIONAL>false</ISOPTIONAL>
  <NARRATION>Being Transportation charges due for the month of Feb`08.</NARRATION>
  <VOUCHERNUMBERSERIES>Default</VOUCHERNUMBERSERIES>
  <GSTREGISTRATION>Not Applicable</GSTREGISTRATION>
  <ISCANCELLED>false</ISCANCELLED>
  <OVRDNEWAYBILLAPPLICABILITY>false</OVRDNEWAYBILLAPPLICABILITY>
  <ALLLEDGERENTRIES.LIST>
   <INDEXNUMBER>1</INDEXNUMBER>
   <LEDGERNAME>Transportation &amp; Packaging</LEDGERNAME>
   <VCHLEDGERTYPE>Others</VCHLEDGERTYPE>
   <ISDEEMEDPOSITIVE>true</ISDEEMEDPOSITIVE>
   <ISPARTYLEDGER>false</ISPARTYLEDGER>
   <AMOUNT>
    <AMOUNT>5000</AMOUNT>
    <CURRENCY>₹</CURRENCY>
    <FOREXSYMBOL>- * -</FOREXSYMBOL>
    <ISDEBIT>true</ISDEBIT>
   </AMOUNT>
  </ALLLEDGERENTRIES.LIST>
  <ALLLEDGERENTRIES.LIST>
   <INDEXNUMBER>2</INDEXNUMBER>
   <LEDGERNAME>Jet Roadways (P) Ltd.,</LEDGERNAME>
   <VCHLEDGERTYPE>Others</VCHLEDGERTYPE>
   <ISDEEMEDPOSITIVE>false</ISDEEMEDPOSITIVE>
   <ISPARTYLEDGER>true</ISPARTYLEDGER>
   <AMOUNT>
    <AMOUNT>5000</AMOUNT>
    <CURRENCY>₹</CURRENCY>
    <FOREXSYMBOL>- * -</FOREXSYMBOL>
    <ISDEBIT>false</ISDEBIT>
   </AMOUNT>
   <BILLALLOCATIONS.LIST>
    <BILLTYPE>NewRef</BILLTYPE>
    <NAME>917</NAME>
    <AMOUNT>
     <AMOUNT>5000</AMOUNT>
     <CURRENCY>₹</CURRENCY>
     <FOREXSYMBOL>- * -</FOREXSYMBOL>
     <ISDEBIT>false</ISDEBIT>
    </AMOUNT>
   </BILLALLOCATIONS.LIST>
  </ALLLEDGERENTRIES.LIST>
 </VOUCHER>
 <VOUCHER>
  <GUID>52889497-5b6b-403d-8f83-224e3c7759b4-00000378</GUID>
  <REMOTEALTGUID>52889497-5b6b-403d-8f83-224e3c7759b4</REMOTEALTGUID>
  <MASTERID>888</MASTERID>
  <ALTERID>7000</ALTERID>
  <ENTEREDBY>A</ENTEREDBY>
  <DATE>2010-02-28</DATE>
  <EFFECTIVEDATE>2010-02-28</EFFECTIVEDATE>
  <VOUCHERTYPENAME>Journal</VOUCHERTYPENAME>
  <PERSISTEDVIEW>AccountingVoucherView</PERSISTEDVIEW>
  <VCHGSTCLASS>Not Applicable</VCHGSTCLASS>
  <ISCOSTCENTRE>false</ISCOSTCENTRE>
  <ISINVOICE>false</ISINVOICE>
  <VOUCHERNUMBER>14</VOUCHERNUMBER>
  <ISOPTIONAL>false</ISOPTIONAL>
  <VOUCHERNUMBERSERIES>Default</VOUCHERNUMBERSERIES>
  <GSTREGISTRATION>Not Applicable</GSTREGISTRATION>
  <ISCANCELLED>false</ISCANCELLED>
  <OVRDNEWAYBILLAPPLICABILITY>false</OVRDNEWAYBILLAPPLICABILITY>
  <ALLLEDGERENTRIES.LIST>
   <INDEXNUMBER>1</INDEXNUMBER>
   <LEDGERNAME>Output VAT @ 12.5%</LEDGERNAME>
   <LEDGERTAXTYPE>On VAT Rate</LEDGERTAXTYPE>
   <VCHLEDGERTYPE>VAT</VCHLEDGERTYPE>
   <ISDEEMEDPOSITIVE>true</ISDEEMEDPOSITIVE>
   <ISPARTYLEDGER>false</ISPARTYLEDGER>
   <AMOUNT>
    <AMOUNT>244227.25</AMOUNT>
    <CURRENCY>₹</CURRENCY>
    <FOREXSYMBOL>- * -</FOREXSYMBOL>
    <ISDEBIT>true</ISDEBIT>
   </AMOUNT>
  </ALLLEDGERENTRIES.LIST>
  <ALLLEDGERENTRIES.LIST>
   <INDEXNUMBER>2</INDEXNUMBER>
   <LEDGERNAME>Output VAT @ 4%</LEDGERNAME>
   <LEDGERTAXTYPE>On VAT Rate</LEDGERTAXTYPE>
   <VCHLEDGERTYPE>VAT</VCHLEDGERTYPE>
   <ISDEEMEDPOSITIVE>true</ISDEEMEDPOSITIVE>
   <ISPARTYLEDGER>false</ISPARTYLEDGER>
   <AMOUNT>
    <AMOUNT>20010</AMOUNT>
    <CURRENCY>₹</CURRENCY>
    <FOREXSYMBOL>- * -</FOREXSYMBOL>
    <ISDEBIT>true</ISDEBIT>
   </AMOUNT>
  </ALLLEDGERENTRIES.LIST>
  <ALLLEDGERENTRIES.LIST>
   <INDEXNUMBER>3</INDEXNUMBER>
   <LEDGERNAME>Input VAT @ 12.5%</LEDGERNAME>
   <LEDGERTAXTYPE>On VAT Rate</LEDGERTAXTYPE>
   <VCHLEDGERTYPE>VAT</VCHLEDGERTYPE>
   <ISDEEMEDPOSITIVE>false</ISDEEMEDPOSITIVE>
   <ISPARTYLEDGER>false</ISPARTYLEDGER>
   <AMOUNT>
    <AMOUNT>140938</AMOUNT>
    <CURRENCY>₹</CURRENCY>
    <FOREXSYMBOL>- * -</FOREXSYMBOL>
    <ISDEBIT>false</ISDEBIT>
   </AMOUNT>
  </ALLLEDGERENTRIES.LIST>
  <ALLLEDGERENTRIES.LIST>
   <INDEXNUMBER>4</INDEXNUMBER>
   <LEDGERNAME>Input VAT @ 4%</LEDGERNAME>
   <LEDGERTAXTYPE>On VAT Rate</LEDGERTAXTYPE>
   <VCHLEDGERTYPE>VAT</VCHLEDGERTYPE>
   <ISDEEMEDPOSITIVE>false</ISDEEMEDPOSITIVE>
   <ISPARTYLEDGER>false</ISPARTYLEDGER>
   <AMOUNT>
    <AMOUNT>51218</AMOUNT>
    <CURRENCY>₹</CURRENCY>
    <FOREXSYMBOL>- * -</FOREXSYMBOL>
    <ISDEBIT>false</ISDEBIT>
   </AMOUNT>
  </ALLLEDGERENTRIES.LIST>
  <ALLLEDGERENTRIES.LIST>
   <INDEXNUMBER>5</INDEXNUMBER>
   <LEDGERNAME>VAT Payable</LEDGERNAME>
   <LEDGERTAXTYPE>On VAT Rate</LEDGERTAXTYPE>
   <VCHLEDGERTYPE>VAT</VCHLEDGERTYPE>
   <ISDEEMEDPOSITIVE>false</ISDEEMEDPOSITIVE>
   <ISPARTYLEDGER>false</ISPARTYLEDGER>
   <AMOUNT>
    <AMOUNT>72081.25</AMOUNT>
    <CURRENCY>₹</CURRENCY>
    <FOREXSYMBOL>- * -</FOREXSYMBOL>
    <ISDEBIT>false</ISDEBIT>
   </AMOUNT>
  </ALLLEDGERENTRIES.LIST>
 </VOUCHER>
 <VOUCHER>
  <GUID>52889497-5b6b-403d-8f83-224e3c7759b4-0000039d</GUID>
  <REMOTEALTGUID>52889497-5b6b-403d-8f83-224e3c7759b4</REMOTEALTGUID>
  <MASTERID>925</MASTERID>
  <ALTERID>7034</ALTERID>
  <ENTEREDBY>A</ENTEREDBY>
  <DATE>2010-03-15</DATE>
  <EFFECTIVEDATE>2010-03-15</EFFECTIVEDATE>
  <VOUCHERTYPENAME>Journal</VOUCHERTYPENAME>
  <PERSISTEDVIEW>AccountingVoucherView</PERSISTEDVIEW>
  <VCHGSTCLASS>Not Applicable</VCHGSTCLASS>
  <ISCOSTCENTRE>false</ISCOSTCENTRE>
  <ISINVOICE>false</ISINVOICE>
  <VOUCHERNUMBER>15</VOUCHERNUMBER>
  <ISOPTIONAL>false</ISOPTIONAL>
  <NARRATION>commission paid to Eternal consultants for procurement of orders during Feb`08</NARRATION>
  <VOUCHERNUMBERSERIES>Default</VOUCHERNUMBERSERIES>
  <GSTREGISTRATION>Not Applicable</GSTREGISTRATION>
  <ISCANCELLED>false</ISCANCELLED>
  <OVRDNEWAYBILLAPPLICABILITY>false</OVRDNEWAYBILLAPPLICABILITY>
  <ALLLEDGERENTRIES.LIST>
   <INDEXNUMBER>1</INDEXNUMBER>
   <LEDGERNAME>Commission Paid</LEDGERNAME>
   <VCHLEDGERTYPE>Others</VCHLEDGERTYPE>
   <ISDEEMEDPOSITIVE>true</ISDEEMEDPOSITIVE>
   <ISPARTYLEDGER>false</ISPARTYLEDGER>
   <AMOUNT>
    <AMOUNT>15000</AMOUNT>
    <CURRENCY>₹</CURRENCY>
    <FOREXSYMBOL>- * -</FOREXSYMBOL>
    <ISDEBIT>true</ISDEBIT>
   </AMOUNT>
  </ALLLEDGERENTRIES.LIST>
  <ALLLEDGERENTRIES.LIST>
   <INDEXNUMBER>2</INDEXNUMBER>
   <LEDGERNAME>Eternal Consultants</LEDGERNAME>
   <VCHLEDGERTYPE>Others</VCHLEDGERTYPE>
   <ISDEEMEDPOSITIVE>false</ISDEEMEDPOSITIVE>
   <ISPARTYLEDGER>true</ISPARTYLEDGER>
   <AMOUNT>
    <AMOUNT>15000</AMOUNT>
    <CURRENCY>₹</CURRENCY>
    <FOREXSYMBOL>- * -</FOREXSYMBOL>
    <ISDEBIT>false</ISDEBIT>
   </AMOUNT>
   <BILLALLOCATIONS.LIST>
    <BILLTYPE>NewRef</BILLTYPE>
    <NAME>26</NAME>
    <BILLCREDITPERIOD>
     <DUEONDATE>2010-04-29</DUEONDATE>
     <INDAYS>45</INDAYS>
     <INTEXT>45 Days</INTEXT>
    </BILLCREDITPERIOD>
    <AMOUNT>
     <AMOUNT>15000</AMOUNT>
     <CURRENCY>₹</CURRENCY>
     <FOREXSYMBOL>- * -</FOREXSYMBOL>
     <ISDEBIT>false</ISDEBIT>
    </AMOUNT>
   </BILLALLOCATIONS.LIST>
  </ALLLEDGERENTRIES.LIST>
 </VOUCHER>
 <VOUCHER>
  <GUID>52889497-5b6b-403d-8f83-224e3c7759b4-000003b9</GUID>
  <REMOTEALTGUID>52889497-5b6b-403d-8f83-224e3c7759b4</REMOTEALTGUID>
  <MASTERID>953</MASTERID>
  <ALTERID>7062</ALTERID>
  <ENTEREDBY>A</ENTEREDBY>
  <DATE>2010-03-31</DATE>
  <EFFECTIVEDATE>2010-03-31</EFFECTIVEDATE>
  <VOUCHERTYPENAME>Journal</VOUCHERTYPENAME>
  <PERSISTEDVIEW>AccountingVoucherView</PERSISTEDVIEW>
  <VCHGSTCLASS>Not Applicable</VCHGSTCLASS>
  <ISCOSTCENTRE>false</ISCOSTCENTRE>
  <ISINVOICE>false</ISINVOICE>
  <VOUCHERNUMBER>16</VOUCHERNUMBER>
  <ISOPTIONAL>false</ISOPTIONAL>
  <NARRATION>provided for feb &amp; march 2008</NARRATION>
  <VOUCHERNUMBERSERIES>Default</VOUCHERNUMBERSERIES>
  <GSTREGISTRATION>Not Applicable</GSTREGISTRATION>
  <ISCANCELLED>false</ISCANCELLED>
  <OVRDNEWAYBILLAPPLICABILITY>false</OVRDNEWAYBILLAPPLICABILITY>
  <ALLLEDGERENTRIES.LIST>
   <INDEXNUMBER>1</INDEXNUMBER>
   <LEDGERNAME>Electricity Charges</LEDGERNAME>
   <VCHLEDGERTYPE>Others</VCHLEDGERTYPE>
   <ISDEEMEDPOSITIVE>true</ISDEEMEDPOSITIVE>
   <ISPARTYLEDGER>false</ISPARTYLEDGER>
   <AMOUNT>
    <AMOUNT>2415</AMOUNT>
    <CURRENCY>₹</CURRENCY>
    <FOREXSYMBOL>- * -</FOREXSYMBOL>
    <ISDEBIT>true</ISDEBIT>
   </AMOUNT>
  </ALLLEDGERENTRIES.LIST>
  <ALLLEDGERENTRIES.LIST>
   <INDEXNUMBER>2</INDEXNUMBER>
   <LEDGERNAME>Provision for Outstanding Expenditure</LEDGERNAME>
   <VCHLEDGERTYPE>Others</VCHLEDGERTYPE>
   <ISDEEMEDPOSITIVE>false</ISDEEMEDPOSITIVE>
   <ISPARTYLEDGER>false</ISPARTYLEDGER>
   <AMOUNT>
    <AMOUNT>2415</AMOUNT>
    <CURRENCY>₹</CURRENCY>
    <FOREXSYMBOL>- * -</FOREXSYMBOL>
    <ISDEBIT>false</ISDEBIT>
   </AMOUNT>
   <BILLALLOCATIONS.LIST>
    <BILLTYPE>NewRef</BILLTYPE>
    <NAME>EB for Feb &amp; Mar 05</NAME>
    <AMOUNT>
     <AMOUNT>2415</AMOUNT>
     <CURRENCY>₹</CURRENCY>
     <FOREXSYMBOL>- * -</FOREXSYMBOL>
     <ISDEBIT>false</ISDEBIT>
    </AMOUNT>
   </BILLALLOCATIONS.LIST>
  </ALLLEDGERENTRIES.LIST>
 </VOUCHER>
 <VOUCHER>
  <GUID>52889497-5b6b-403d-8f83-224e3c7759b4-000003ba</GUID>
  <REMOTEALTGUID>52889497-5b6b-403d-8f83-224e3c7759b4</REMOTEALTGUID>
  <MASTERID>954</MASTERID>
  <ALTERID>7063</ALTERID>
  <ENTEREDBY>A</ENTEREDBY>
  <DATE>2010-03-31</DATE>
  <EFFECTIVEDATE>2010-03-31</EFFECTIVEDATE>
  <VOUCHERTYPENAME>Journal</VOUCHERTYPENAME>
  <PERSISTEDVIEW>AccountingVoucherView</PERSISTEDVIEW>
  <VCHGSTCLASS>Not Applicable</VCHGSTCLASS>
  <ISCOSTCENTRE>false</ISCOSTCENTRE>
  <ISINVOICE>false</ISINVOICE>
  <VOUCHERNUMBER>17</VOUCHERNUMBER>
  <ISOPTIONAL>false</ISOPTIONAL>
  <NARRATION>rent for march 2008 provided</NARRATION>
  <VOUCHERNUMBERSERIES>Default</VOUCHERNUMBERSERIES>
  <GSTREGISTRATION>Not Applicable</GSTREGISTRATION>
  <ISCANCELLED>false</ISCANCELLED>
  <OVRDNEWAYBILLAPPLICABILITY>false</OVRDNEWAYBILLAPPLICABILITY>
  <ALLLEDGERENTRIES.LIST>
   <INDEXNUMBER>1</INDEXNUMBER>
   <LEDGERNAME>Office Rent</LEDGERNAME>
   <VCHLEDGERTYPE>Others</VCHLEDGERTYPE>
   <ISDEEMEDPOSITIVE>true</ISDEEMEDPOSITIVE>
   <ISPARTYLEDGER>false</ISPARTYLEDGER>
   <AMOUNT>
    <AMOUNT>2500</AMOUNT>
    <CURRENCY>₹</CURRENCY>
    <FOREXSYMBOL>- * -</FOREXSYMBOL>
    <ISDEBIT>true</ISDEBIT>
   </AMOUNT>
  </ALLLEDGERENTRIES.LIST>
  <ALLLEDGERENTRIES.LIST>
   <INDEXNUMBER>2</INDEXNUMBER>
   <LEDGERNAME>Provision for Outstanding Expenditure</LEDGERNAME>
   <VCHLEDGERTYPE>Others</VCHLEDGERTYPE>
   <ISDEEMEDPOSITIVE>false</ISDEEMEDPOSITIVE>
   <ISPARTYLEDGER>false</ISPARTYLEDGER>
   <AMOUNT>
    <AMOUNT>2500</AMOUNT>
    <CURRENCY>₹</CURRENCY>
    <FOREXSYMBOL>- * -</FOREXSYMBOL>
    <ISDEBIT>false</ISDEBIT>
   </AMOUNT>
   <BILLALLOCATIONS.LIST>
    <BILLTYPE>NewRef</BILLTYPE>
    <NAME>Rent for March 2008</NAME>
    <BILLCREDITPERIOD>
     <DUEONDATE>2010-04-07</DUEONDATE>
     <INDAYS>7</INDAYS>
     <INTEXT>7 Days</INTEXT>
    </BILLCREDITPERIOD>
    <AMOUNT>
     <AMOUNT>2500</AMOUNT>
     <CURRENCY>₹</CURRENCY>
     <FOREXSYMBOL>- * -</FOREXSYMBOL>
     <ISDEBIT>false</ISDEBIT>
    </AMOUNT>
   </BILLALLOCATIONS.LIST>
  </ALLLEDGERENTRIES.LIST>
 </VOUCHER>
 <VOUCHER>
  <GUID>52889497-5b6b-403d-8f83-224e3c7759b4-000003bb</GUID>
  <REMOTEALTGUID>52889497-5b6b-403d-8f83-224e3c7759b4</REMOTEALTGUID>
  <MASTERID>955</MASTERID>
  <ALTERID>7064</ALTERID>
  <ENTEREDBY>A</ENTEREDBY>
  <DATE>2010-03-31</DATE>
  <EFFECTIVEDATE>2010-03-31</EFFECTIVEDATE>
  <VOUCHERTYPENAME>Journal</VOUCHERTYPENAME>
  <PERSISTEDVIEW>AccountingVoucherView</PERSISTEDVIEW>
  <VCHGSTCLASS>Not Applicable</VCHGSTCLASS>
  <ISCOSTCENTRE>false</ISCOSTCENTRE>
  <ISINVOICE>false</ISINVOICE>
  <VOUCHERNUMBER>18</VOUCHERNUMBER>
  <ISOPTIONAL>false</ISOPTIONAL>
  <NARRATION>Being Petrol Expenses dur for Mar`08</NARRATION>
  <VOUCHERNUMBERSERIES>Default</VOUCHERNUMBERSERIES>
  <GSTREGISTRATION>Not Applicable</GSTREGISTRATION>
  <ISCANCELLED>false</ISCANCELLED>
  <OVRDNEWAYBILLAPPLICABILITY>false</OVRDNEWAYBILLAPPLICABILITY>
  <ALLLEDGERENTRIES.LIST>
   <INDEXNUMBER>1</INDEXNUMBER>
   <LEDGERNAME>Petrol Expenses</LEDGERNAME>
   <VCHLEDGERTYPE>Others</VCHLEDGERTYPE>
   <ISDEEMEDPOSITIVE>true</ISDEEMEDPOSITIVE>
   <ISPARTYLEDGER>false</ISPARTYLEDGER>
   <AMOUNT>
    <AMOUNT>1520</AMOUNT>
    <CURRENCY>₹</CURRENCY>
    <FOREXSYMBOL>- * -</FOREXSYMBOL>
    <ISDEBIT>true</ISDEBIT>
   </AMOUNT>
  </ALLLEDGERENTRIES.LIST>
  <ALLLEDGERENTRIES.LIST>
   <INDEXNUMBER>2</INDEXNUMBER>
   <LEDGERNAME>Bharat Petroleum</LEDGERNAME>
   <VCHLEDGERTYPE>Others</VCHLEDGERTYPE>
   <ISDEEMEDPOSITIVE>false</ISDEEMEDPOSITIVE>
   <ISPARTYLEDGER>true</ISPARTYLEDGER>
   <AMOUNT>
    <AMOUNT>1520</AMOUNT>
    <CURRENCY>₹</CURRENCY>
    <FOREXSYMBOL>- * -</FOREXSYMBOL>
    <ISDEBIT>false</ISDEBIT>
   </AMOUNT>
   <BILLALLOCATIONS.LIST>
    <BILLTYPE>NewRef</BILLTYPE>
    <NAME>4212</NAME>
    <AMOUNT>
     <AMOUNT>1520</AMOUNT>
     <CURRENCY>₹</CURRENCY>
     <FOREXSYMBOL>- * -</FOREXSYMBOL>
     <ISDEBIT>false</ISDEBIT>
    </AMOUNT>
   </BILLALLOCATIONS.LIST>
  </ALLLEDGERENTRIES.LIST>
 </VOUCHER>
 <VOUCHER>
  <GUID>52889497-5b6b-403d-8f83-224e3c7759b4-000003bc</GUID>
  <REMOTEALTGUID>52889497-5b6b-403d-8f83-224e3c7759b4</REMOTEALTGUID>
  <MASTERID>956</MASTERID>
  <ALTERID>7065</ALTERID>
  <ENTEREDBY>A</ENTEREDBY>
  <DATE>2010-03-31</DATE>
  <EFFECTIVEDATE>2010-03-31</EFFECTIVEDATE>
  <VOUCHERTYPENAME>Journal</VOUCHERTYPENAME>
  <PERSISTEDVIEW>AccountingVoucherView</PERSISTEDVIEW>
  <VCHGSTCLASS>Not Applicable</VCHGSTCLASS>
  <ISCOSTCENTRE>false</ISCOSTCENTRE>
  <ISINVOICE>false</ISINVOICE>
  <VOUCHERNUMBER>19</VOUCHERNUMBER>
  <ISOPTIONAL>false</ISOPTIONAL>
  <NARRATION>Being transportation charges on purchases.</NARRATION>
  <VOUCHERNUMBERSERIES>Default</VOUCHERNUMBERSERIES>
  <GSTREGISTRATION>Not Applicable</GSTREGISTRATION>
  <ISCANCELLED>false</ISCANCELLED>
  <OVRDNEWAYBILLAPPLICABILITY>false</OVRDNEWAYBILLAPPLICABILITY>
  <ALLLEDGERENTRIES.LIST>
   <INDEXNUMBER>1</INDEXNUMBER>
   <LEDGERNAME>Carriage Inwards</LEDGERNAME>
   <VCHLEDGERTYPE>Others</VCHLEDGERTYPE>
   <ISDEEMEDPOSITIVE>true</ISDEEMEDPOSITIVE>
   <ISPARTYLEDGER>false</ISPARTYLEDGER>
   <AMOUNT>
    <AMOUNT>1250</AMOUNT>
    <CURRENCY>₹</CURRENCY>
    <FOREXSYMBOL>- * -</FOREXSYMBOL>
    <ISDEBIT>true</ISDEBIT>
   </AMOUNT>
  </ALLLEDGERENTRIES.LIST>
  <ALLLEDGERENTRIES.LIST>
   <INDEXNUMBER>2</INDEXNUMBER>
   <LEDGERNAME>Pee Jee  Transports</LEDGERNAME>
   <VCHLEDGERTYPE>Others</VCHLEDGERTYPE>
   <ISDEEMEDPOSITIVE>false</ISDEEMEDPOSITIVE>
   <ISPARTYLEDGER>true</ISPARTYLEDGER>
   <AMOUNT>
    <AMOUNT>1250</AMOUNT>
    <CURRENCY>₹</CURRENCY>
    <FOREXSYMBOL>- * -</FOREXSYMBOL>
    <ISDEBIT>false</ISDEBIT>
   </AMOUNT>
   <BILLALLOCATIONS.LIST>
    <BILLTYPE>NewRef</BILLTYPE>
    <NAME>PJT/212</NAME>
    <BILLCREDITPERIOD>
     <DUEONDATE>2010-04-30</DUEONDATE>
     <INDAYS>30</INDAYS>
     <INTEXT>30 Days</INTEXT>
    </BILLCREDITPERIOD>
    <AMOUNT>
     <AMOUNT>1250</AMOUNT>
     <CURRENCY>₹</CURRENCY>
     <FOREXSYMBOL>- * -</FOREXSYMBOL>
     <ISDEBIT>false</ISDEBIT>
    </AMOUNT>
   </BILLALLOCATIONS.LIST>
  </ALLLEDGERENTRIES.LIST>
 </VOUCHER>
 <VOUCHER>
  <GUID>52889497-5b6b-403d-8f83-224e3c7759b4-000003bd</GUID>
  <REMOTEALTGUID>52889497-5b6b-403d-8f83-224e3c7759b4</REMOTEALTGUID>
  <MASTERID>957</MASTERID>
  <ALTERID>7066</ALTERID>
  <ENTEREDBY>A</ENTEREDBY>
  <DATE>2010-03-31</DATE>
  <EFFECTIVEDATE>2010-03-31</EFFECTIVEDATE>
  <VOUCHERTYPENAME>Journal</VOUCHERTYPENAME>
  <PERSISTEDVIEW>AccountingVoucherView</PERSISTEDVIEW>
  <VCHGSTCLASS>Not Applicable</VCHGSTCLASS>
  <ISCOSTCENTRE>false</ISCOSTCENTRE>
  <ISINVOICE>false</ISINVOICE>
  <VOUCHERNUMBER>20</VOUCHERNUMBER>
  <ISOPTIONAL>false</ISOPTIONAL>
  <NARRATION>Being Transportation charges due for the month of Mar`08</NARRATION>
  <VOUCHERNUMBERSERIES>Default</VOUCHERNUMBERSERIES>
  <GSTREGISTRATION>Not Applicable</GSTREGISTRATION>
  <ISCANCELLED>false</ISCANCELLED>
  <OVRDNEWAYBILLAPPLICABILITY>false</OVRDNEWAYBILLAPPLICABILITY>
  <ALLLEDGERENTRIES.LIST>
   <INDEXNUMBER>1</INDEXNUMBER>
   <LEDGERNAME>Transportation &amp; Packaging</LEDGERNAME>
   <VCHLEDGERTYPE>Others</VCHLEDGERTYPE>
   <ISDEEMEDPOSITIVE>true</ISDEEMEDPOSITIVE>
   <ISPARTYLEDGER>false</ISPARTYLEDGER>
   <AMOUNT>
    <AMOUNT>5000</AMOUNT>
    <CURRENCY>₹</CURRENCY>
    <FOREXSYMBOL>- * -</FOREXSYMBOL>
    <ISDEBIT>true</ISDEBIT>
   </AMOUNT>
  </ALLLEDGERENTRIES.LIST>
  <ALLLEDGERENTRIES.LIST>
   <INDEXNUMBER>2</INDEXNUMBER>
   <LEDGERNAME>Jet Roadways (P) Ltd.,</LEDGERNAME>
   <VCHLEDGERTYPE>Others</VCHLEDGERTYPE>
   <ISDEEMEDPOSITIVE>false</ISDEEMEDPOSITIVE>
   <ISPARTYLEDGER>true</ISPARTYLEDGER>
   <AMOUNT>
    <AMOUNT>5000</AMOUNT>
    <CURRENCY>₹</CURRENCY>
    <FOREXSYMBOL>- * -</FOREXSYMBOL>
    <ISDEBIT>false</ISDEBIT>
   </AMOUNT>
   <BILLALLOCATIONS.LIST>
    <BILLTYPE>NewRef</BILLTYPE>
    <NAME>935</NAME>
    <AMOUNT>
     <AMOUNT>5000</AMOUNT>
     <CURRENCY>₹</CURRENCY>
     <FOREXSYMBOL>- * -</FOREXSYMBOL>
     <ISDEBIT>false</ISDEBIT>
    </AMOUNT>
   </BILLALLOCATIONS.LIST>
  </ALLLEDGERENTRIES.LIST>
 </VOUCHER>
 <VOUCHER>
  <GUID>52889497-5b6b-403d-8f83-224e3c7759b4-000003be</GUID>
  <REMOTEALTGUID>52889497-5b6b-403d-8f83-224e3c7759b4</REMOTEALTGUID>
  <MASTERID>958</MASTERID>
  <ALTERID>7067</ALTERID>
  <ENTEREDBY>A</ENTEREDBY>
  <DATE>2010-03-31</DATE>
  <EFFECTIVEDATE>2010-03-31</EFFECTIVEDATE>
  <VOUCHERTYPENAME>Journal</VOUCHERTYPENAME>
  <PERSISTEDVIEW>AccountingVoucherView</PERSISTEDVIEW>
  <VCHGSTCLASS>Not Applicable</VCHGSTCLASS>
  <ISCOSTCENTRE>false</ISCOSTCENTRE>
  <ISINVOICE>false</ISINVOICE>
  <VOUCHERNUMBER>21</VOUCHERNUMBER>
  <ISOPTIONAL>false</ISOPTIONAL>
  <NARRATION>Being Depreciation provided on Fixed Assets @ Building - 10%, Airconditioner - 20%, Computer - 40%, Furniture - 10%, Motor Car - 20%, Plant &amp; Machinery - 15% and t/f to Accumulated Dep. on Fixed Assets A/c.</NARRATION>
  <VOUCHERNUMBERSERIES>Default</VOUCHERNUMBERSERIES>
  <GSTREGISTRATION>Not Applicable</GSTREGISTRATION>
  <ISCANCELLED>false</ISCANCELLED>
  <OVRDNEWAYBILLAPPLICABILITY>false</OVRDNEWAYBILLAPPLICABILITY>
  <ALLLEDGERENTRIES.LIST>
   <INDEXNUMBER>1</INDEXNUMBER>
   <LEDGERNAME>Dep. on  Building</LEDGERNAME>
   <VCHLEDGERTYPE>Others</VCHLEDGERTYPE>
   <ISDEEMEDPOSITIVE>true</ISDEEMEDPOSITIVE>
   <ISPARTYLEDGER>false</ISPARTYLEDGER>
   <AMOUNT>
    <AMOUNT>140000</AMOUNT>
    <CURRENCY>₹</CURRENCY>
    <FOREXSYMBOL>- * -</FOREXSYMBOL>
    <ISDEBIT>true</ISDEBIT>
   </AMOUNT>
  </ALLLEDGERENTRIES.LIST>
  <ALLLEDGERENTRIES.LIST>
   <INDEXNUMBER>2</INDEXNUMBER>
   <LEDGERNAME>Dep. on Airconditioner</LEDGERNAME>
   <VCHLEDGERTYPE>Others</VCHLEDGERTYPE>
   <ISDEEMEDPOSITIVE>true</ISDEEMEDPOSITIVE>
   <ISPARTYLEDGER>false</ISPARTYLEDGER>
   <AMOUNT>
    <AMOUNT>4300</AMOUNT>
    <CURRENCY>₹</CURRENCY>
    <FOREXSYMBOL>- * -</FOREXSYMBOL>
    <ISDEBIT>true</ISDEBIT>
   </AMOUNT>
  </ALLLEDGERENTRIES.LIST>
  <ALLLEDGERENTRIES.LIST>
   <INDEXNUMBER>3</INDEXNUMBER>
   <LEDGERNAME>Dep. on Computers &amp; Pher.</LEDGERNAME>
   <VCHLEDGERTYPE>Others</VCHLEDGERTYPE>
   <ISDEEMEDPOSITIVE>true</ISDEEMEDPOSITIVE>
   <ISPARTYLEDGER>false</ISPARTYLEDGER>
   <AMOUNT>
    <AMOUNT>36184</AMOUNT>
    <CURRENCY>₹</CURRENCY>
    <FOREXSYMBOL>- * -</FOREXSYMBOL>
    <ISDEBIT>true</ISDEBIT>
   </AMOUNT>
  </ALLLEDGERENTRIES.LIST>
  <ALLLEDGERENTRIES.LIST>
   <INDEXNUMBER>4</INDEXNUMBER>
   <LEDGERNAME>Dep. on Furniture &amp; Fixt.</LEDGERNAME>
   <VCHLEDGERTYPE>Others</VCHLEDGERTYPE>
   <ISDEEMEDPOSITIVE>true</ISDEEMEDPOSITIVE>
   <ISPARTYLEDGER>false</ISPARTYLEDGER>
   <AMOUNT>
    <AMOUNT>12242</AMOUNT>
    <CURRENCY>₹</CURRENCY>
    <FOREXSYMBOL>- * -</FOREXSYMBOL>
    <ISDEBIT>true</ISDEBIT>
   </AMOUNT>
  </ALLLEDGERENTRIES.LIST>
  <ALLLEDGERENTRIES.LIST>
   <INDEXNUMBER>5</INDEXNUMBER>
   <LEDGERNAME>Dep. on Plant &amp; Machinery - I</LEDGERNAME>
   <VCHLEDGERTYPE>Others</VCHLEDGERTYPE>
   <ISDEEMEDPOSITIVE>true</ISDEEMEDPOSITIVE>
   <ISPARTYLEDGER>false</ISPARTYLEDGER>
   <AMOUNT>
    <AMOUNT>150000</AMOUNT>
    <CURRENCY>₹</CURRENCY>
    <FOREXSYMBOL>- * -</FOREXSYMBOL>
    <ISDEBIT>true</ISDEBIT>
   </AMOUNT>
  </ALLLEDGERENTRIES.LIST>
  <ALLLEDGERENTRIES.LIST>
   <INDEXNUMBER>6</INDEXNUMBER>
   <LEDGERNAME>Dep on Plant &amp; Machinery - II</LEDGERNAME>
   <VCHLEDGERTYPE>Others</VCHLEDGERTYPE>
   <ISDEEMEDPOSITIVE>true</ISDEEMEDPOSITIVE>
   <ISPARTYLEDGER>false</ISPARTYLEDGER>
   <AMOUNT>
    <AMOUNT>78750</AMOUNT>
    <CURRENCY>₹</CURRENCY>
    <FOREXSYMBOL>- * -</FOREXSYMBOL>
    <ISDEBIT>true</ISDEBIT>
   </AMOUNT>
  </ALLLEDGERENTRIES.LIST>
  <ALLLEDGERENTRIES.LIST>
   <INDEXNUMBER>7</INDEXNUMBER>
   <LEDGERNAME>Dep. on Motor Car</LEDGERNAME>
   <VCHLEDGERTYPE>Others</VCHLEDGERTYPE>
   <ISDEEMEDPOSITIVE>true</ISDEEMEDPOSITIVE>
   <ISPARTYLEDGER>false</ISPARTYLEDGER>
   <AMOUNT>
    <AMOUNT>181146.20</AMOUNT>
    <CURRENCY>₹</CURRENCY>
    <FOREXSYMBOL>- * -</FOREXSYMBOL>
    <ISDEBIT>true</ISDEBIT>
   </AMOUNT>
  </ALLLEDGERENTRIES.LIST>
  <ALLLEDGERENTRIES.LIST>
   <INDEXNUMBER>8</INDEXNUMBER>
   <LEDGERNAME>Accum. Dep. on Building</LEDGERNAME>
   <VCHLEDGERTYPE>Others</VCHLEDGERTYPE>
   <ISDEEMEDPOSITIVE>false</ISDEEMEDPOSITIVE>
   <ISPARTYLEDGER>false</ISPARTYLEDGER>
   <AMOUNT>
    <AMOUNT>140000</AMOUNT>
    <CURRENCY>₹</CURRENCY>
    <FOREXSYMBOL>- * -</FOREXSYMBOL>
    <ISDEBIT>false</ISDEBIT>
   </AMOUNT>
  </ALLLEDGERENTRIES.LIST>
  <ALLLEDGERENTRIES.LIST>
   <INDEXNUMBER>9</INDEXNUMBER>
   <LEDGERNAME>Accum. Dep. on Airconditioner</LEDGERNAME>
   <VCHLEDGERTYPE>Others</VCHLEDGERTYPE>
   <ISDEEMEDPOSITIVE>false</ISDEEMEDPOSITIVE>
   <ISPARTYLEDGER>false</ISPARTYLEDGER>
   <AMOUNT>
    <AMOUNT>4300</AMOUNT>
    <CURRENCY>₹</CURRENCY>
    <FOREXSYMBOL>- * -</FOREXSYMBOL>
    <ISDEBIT>false</ISDEBIT>
   </AMOUNT>
  </ALLLEDGERENTRIES.LIST>
  <ALLLEDGERENTRIES.LIST>
   <INDEXNUMBER>10</INDEXNUMBER>
   <LEDGERNAME>Accum. Dep. on Computer &amp; Per.</LEDGERNAME>
   <VCHLEDGERTYPE>Others</VCHLEDGERTYPE>
   <ISDEEMEDPOSITIVE>false</ISDEEMEDPOSITIVE>
   <ISPARTYLEDGER>false</ISPARTYLEDGER>
   <AMOUNT>
    <AMOUNT>36184</AMOUNT>
    <CURRENCY>₹</CURRENCY>
    <FOREXSYMBOL>- * -</FOREXSYMBOL>
    <ISDEBIT>false</ISDEBIT>
   </AMOUNT>
  </ALLLEDGERENTRIES.LIST>
  <ALLLEDGERENTRIES.LIST>
   <INDEXNUMBER>11</INDEXNUMBER>
   <LEDGERNAME>Accum. Dep. on Furn. &amp; Fixt.</LEDGERNAME>
   <VCHLEDGERTYPE>Others</VCHLEDGERTYPE>
   <ISDEEMEDPOSITIVE>false</ISDEEMEDPOSITIVE>
   <ISPARTYLEDGER>false</ISPARTYLEDGER>
   <AMOUNT>
    <AMOUNT>12242</AMOUNT>
    <CURRENCY>₹</CURRENCY>
    <FOREXSYMBOL>- * -</FOREXSYMBOL>
    <ISDEBIT>false</ISDEBIT>
   </AMOUNT>
  </ALLLEDGERENTRIES.LIST>
  <ALLLEDGERENTRIES.LIST>
   <INDEXNUMBER>12</INDEXNUMBER>
   <LEDGERNAME>Accum. Dep. on P &amp; M - I</LEDGERNAME>
   <VCHLEDGERTYPE>Others</VCHLEDGERTYPE>
   <ISDEEMEDPOSITIVE>false</ISDEEMEDPOSITIVE>
   <ISPARTYLEDGER>false</ISPARTYLEDGER>
   <AMOUNT>
    <AMOUNT>150000</AMOUNT>
    <CURRENCY>₹</CURRENCY>
    <FOREXSYMBOL>- * -</FOREXSYMBOL>
    <ISDEBIT>false</ISDEBIT>
   </AMOUNT>
  </ALLLEDGERENTRIES.LIST>
  <ALLLEDGERENTRIES.LIST>
   <INDEXNUMBER>13</INDEXNUMBER>
   <LEDGERNAME>Accum. Dep. on P &amp; M - II</LEDGERNAME>
   <VCHLEDGERTYPE>Others</VCHLEDGERTYPE>
   <ISDEEMEDPOSITIVE>false</ISDEEMEDPOSITIVE>
   <ISPARTYLEDGER>false</ISPARTYLEDGER>
   <AMOUNT>
    <AMOUNT>78750</AMOUNT>
    <CURRENCY>₹</CURRENCY>
    <FOREXSYMBOL>- * -</FOREXSYMBOL>
    <ISDEBIT>false</ISDEBIT>
   </AMOUNT>
  </ALLLEDGERENTRIES.LIST>
  <ALLLEDGERENTRIES.LIST>
   <INDEXNUMBER>14</INDEXNUMBER>
   <LEDGERNAME>Accum. Dep. on Motor Car</LEDGERNAME>
   <VCHLEDGERTYPE>Others</VCHLEDGERTYPE>
   <ISDEEMEDPOSITIVE>false</ISDEEMEDPOSITIVE>
   <ISPARTYLEDGER>false</ISPARTYLEDGER>
   <AMOUNT>
    <AMOUNT>181146.20</AMOUNT>
    <CURRENCY>₹</CURRENCY>
    <FOREXSYMBOL>- * -</FOREXSYMBOL>
    <ISDEBIT>false</ISDEBIT>
   </AMOUNT>
  </ALLLEDGERENTRIES.LIST>
 </VOUCHER>
 <VOUCHER>
  <GUID>52889497-5b6b-403d-8f83-224e3c7759b4-000003d1</GUID>
  <REMOTEALTGUID>52889497-5b6b-403d-8f83-224e3c7759b4</REMOTEALTGUID>
  <MASTERID>977</MASTERID>
  <ALTERID>7080</ALTERID>
  <ENTEREDBY>A</ENTEREDBY>
  <DATE>2010-03-31</DATE>
  <EFFECTIVEDATE>2010-03-31</EFFECTIVEDATE>
  <VOUCHERTYPENAME>Journal</VOUCHERTYPENAME>
  <PERSISTEDVIEW>AccountingVoucherView</PERSISTEDVIEW>
  <VCHGSTCLASS>Not Applicable</VCHGSTCLASS>
  <ISCOSTCENTRE>false</ISCOSTCENTRE>
  <ISINVOICE>false</ISINVOICE>
  <VOUCHERNUMBER>22</VOUCHERNUMBER>
  <ISOPTIONAL>false</ISOPTIONAL>
  <VOUCHERNUMBERSERIES>Default</VOUCHERNUMBERSERIES>
  <GSTREGISTRATION>Not Applicable</GSTREGISTRATION>
  <ISCANCELLED>false</ISCANCELLED>
  <OVRDNEWAYBILLAPPLICABILITY>false</OVRDNEWAYBILLAPPLICABILITY>
  <ALLLEDGERENTRIES.LIST>
   <INDEXNUMBER>1</INDEXNUMBER>
   <LEDGERNAME>Output VAT @ 12.5%</LEDGERNAME>
   <LEDGERTAXTYPE>On VAT Rate</LEDGERTAXTYPE>
   <VCHLEDGERTYPE>VAT</VCHLEDGERTYPE>
   <ISDEEMEDPOSITIVE>true</ISDEEMEDPOSITIVE>
   <ISPARTYLEDGER>false</ISPARTYLEDGER>
   <AMOUNT>
    <AMOUNT>183813.13</AMOUNT>
    <CURRENCY>₹</CURRENCY>
    <FOREXSYMBOL>- * -</FOREXSYMBOL>
    <ISDEBIT>true</ISDEBIT>
   </AMOUNT>
  </ALLLEDGERENTRIES.LIST>
  <ALLLEDGERENTRIES.LIST>
   <INDEXNUMBER>2</INDEXNUMBER>
   <LEDGERNAME>Output VAT @ 4%</LEDGERNAME>
   <LEDGERTAXTYPE>On VAT Rate</LEDGERTAXTYPE>
   <VCHLEDGERTYPE>VAT</VCHLEDGERTYPE>
   <ISDEEMEDPOSITIVE>true</ISDEEMEDPOSITIVE>
   <ISPARTYLEDGER>false</ISPARTYLEDGER>
   <AMOUNT>
    <AMOUNT>25400</AMOUNT>
    <CURRENCY>₹</CURRENCY>
    <FOREXSYMBOL>- * -</FOREXSYMBOL>
    <ISDEBIT>true</ISDEBIT>
   </AMOUNT>
  </ALLLEDGERENTRIES.LIST>
  <ALLLEDGERENTRIES.LIST>
   <INDEXNUMBER>3</INDEXNUMBER>
   <LEDGERNAME>Input VAT @ 12.5%</LEDGERNAME>
   <LEDGERTAXTYPE>On VAT Rate</LEDGERTAXTYPE>
   <VCHLEDGERTYPE>VAT</VCHLEDGERTYPE>
   <ISDEEMEDPOSITIVE>false</ISDEEMEDPOSITIVE>
   <ISPARTYLEDGER>false</ISPARTYLEDGER>
   <AMOUNT>
    <AMOUNT>115313</AMOUNT>
    <CURRENCY>₹</CURRENCY>
    <FOREXSYMBOL>- * -</FOREXSYMBOL>
    <ISDEBIT>false</ISDEBIT>
   </AMOUNT>
  </ALLLEDGERENTRIES.LIST>
  <ALLLEDGERENTRIES.LIST>
   <INDEXNUMBER>4</INDEXNUMBER>
   <LEDGERNAME>Input VAT @ 4%</LEDGERNAME>
   <LEDGERTAXTYPE>On VAT Rate</LEDGERTAXTYPE>
   <VCHLEDGERTYPE>VAT</VCHLEDGERTYPE>
   <ISDEEMEDPOSITIVE>false</ISDEEMEDPOSITIVE>
   <ISPARTYLEDGER>false</ISPARTYLEDGER>
   <AMOUNT>
    <AMOUNT>29268</AMOUNT>
    <CURRENCY>₹</CURRENCY>
    <FOREXSYMBOL>- * -</FOREXSYMBOL>
    <ISDEBIT>false</ISDEBIT>
   </AMOUNT>
  </ALLLEDGERENTRIES.LIST>
  <ALLLEDGERENTRIES.LIST>
   <INDEXNUMBER>5</INDEXNUMBER>
   <LEDGERNAME>VAT Payable</LEDGERNAME>
   <LEDGERTAXTYPE>On VAT Rate</LEDGERTAXTYPE>
   <VCHLEDGERTYPE>VAT</VCHLEDGERTYPE>
   <ISDEEMEDPOSITIVE>false</ISDEEMEDPOSITIVE>
   <ISPARTYLEDGER>false</ISPARTYLEDGER>
   <AMOUNT>
    <AMOUNT>64632.13</AMOUNT>
    <CURRENCY>₹</CURRENCY>
    <FOREXSYMBOL>- * -</FOREXSYMBOL>
    <ISDEBIT>false</ISDEBIT>
   </AMOUNT>
  </ALLLEDGERENTRIES.LIST>
 </VOUCHER>
 <VOUCHER>
  <GUID>52889497-5b6b-403d-8f83-224e3c7759b4-0000122b</GUID>
  <REMOTEALTGUID>52889497-5b6b-403d-8f83-224e3c7759b4</REMOTEALTGUID>
  <MASTERID>4651</MASTERID>
  <ALTERID>7097</ALTERID>
  <ENTEREDBY>A</ENTEREDBY>
  <DATE>2010-03-31</DATE>
  <EFFECTIVEDATE>2010-03-31</EFFECTIVEDATE>
  <VOUCHERTYPENAME>Journal</VOUCHERTYPENAME>
  <PERSISTEDVIEW>AccountingVoucherView</PERSISTEDVIEW>
  <VCHGSTCLASS>Not Applicable</VCHGSTCLASS>
  <ISCOSTCENTRE>false</ISCOSTCENTRE>
  <ISINVOICE>false</ISINVOICE>
  <VOUCHERNUMBER>23</VOUCHERNUMBER>
  <ISOPTIONAL>false</ISOPTIONAL>
  <VOUCHERNUMBERSERIES>Default</VOUCHERNUMBERSERIES>
  <GSTREGISTRATION>Not Applicable</GSTREGISTRATION>
  <ISCANCELLED>false</ISCANCELLED>
  <OVRDNEWAYBILLAPPLICABILITY>false</OVRDNEWAYBILLAPPLICABILITY>
  <ALLLEDGERENTRIES.LIST>
   <INDEXNUMBER>1</INDEXNUMBER>
   <LEDGERNAME>PF Admin Expense</LEDGERNAME>
   <VCHLEDGERTYPE>Others</VCHLEDGERTYPE>
   <ISDEEMEDPOSITIVE>true</ISDEEMEDPOSITIVE>
   <ISPARTYLEDGER>false</ISPARTYLEDGER>
   <AMOUNT>
    <AMOUNT>328.51</AMOUNT>
    <CURRENCY>₹</CURRENCY>
    <FOREXSYMBOL>- * -</FOREXSYMBOL>
    <ISDEBIT>true</ISDEBIT>
   </AMOUNT>
  </ALLLEDGERENTRIES.LIST>
  <ALLLEDGERENTRIES.LIST>
   <INDEXNUMBER>2</INDEXNUMBER>
   <LEDGERNAME>PF Admin Charges @ 1.10%</LEDGERNAME>
   <VCHLEDGERTYPE>Others</VCHLEDGERTYPE>
   <ISDEEMEDPOSITIVE>false</ISDEEMEDPOSITIVE>
   <ISPARTYLEDGER>false</ISPARTYLEDGER>
   <AMOUNT>
    <AMOUNT>315.64</AMOUNT>
    <CURRENCY>₹</CURRENCY>
    <FOREXSYMBOL>- * -</FOREXSYMBOL>
    <ISDEBIT>false</ISDEBIT>
   </AMOUNT>
  </ALLLEDGERENTRIES.LIST>
  <ALLLEDGERENTRIES.LIST>
   <INDEXNUMBER>3</INDEXNUMBER>
   <LEDGERNAME>DLI Contribution @ 0.5%</LEDGERNAME>
   <VCHLEDGERTYPE>Others</VCHLEDGERTYPE>
   <ISDEEMEDPOSITIVE>false</ISDEEMEDPOSITIVE>
   <ISPARTYLEDGER>false</ISPARTYLEDGER>
   <AMOUNT>
    <AMOUNT>10</AMOUNT>
    <CURRENCY>₹</CURRENCY>
    <FOREXSYMBOL>- * -</FOREXSYMBOL>
    <ISDEBIT>false</ISDEBIT>
   </AMOUNT>
  </ALLLEDGERENTRIES.LIST>
  <ALLLEDGERENTRIES.LIST>
   <INDEXNUMBER>4</INDEXNUMBER>
   <LEDGERNAME>EDLI Admin Charges @ 0.01%</LEDGERNAME>
   <VCHLEDGERTYPE>Others</VCHLEDGERTYPE>
   <ISDEEMEDPOSITIVE>false</ISDEEMEDPOSITIVE>
   <ISPARTYLEDGER>false</ISPARTYLEDGER>
   <AMOUNT>
    <AMOUNT>2.87</AMOUNT>
    <CURRENCY>₹</CURRENCY>
    <FOREXSYMBOL>- * -</FOREXSYMBOL>
    <ISDEBIT>false</ISDEBIT>
   </AMOUNT>
  </ALLLEDGERENTRIES.LIST>
 </VOUCHER>
 <VOUCHER>
  <GUID>52889497-5b6b-403d-8f83-224e3c7759b4-00001231</GUID>
  <REMOTEALTGUID>52889497-5b6b-403d-8f83-224e3c7759b4</REMOTEALTGUID>
  <MASTERID>4657</MASTERID>
  <ALTERID>7103</ALTERID>
  <ENTEREDBY>A</ENTEREDBY>
  <DATE>2010-03-31</DATE>
  <EFFECTIVEDATE>2010-03-31</EFFECTIVEDATE>
  <VOUCHERTYPENAME>Journal</VOUCHERTYPENAME>
  <PERSISTEDVIEW>AccountingVoucherView</PERSISTEDVIEW>
  <VCHGSTCLASS>Not Applicable</VCHGSTCLASS>
  <ISCOSTCENTRE>false</ISCOSTCENTRE>
  <ISINVOICE>false</ISINVOICE>
  <VOUCHERNUMBER>24</VOUCHERNUMBER>
  <ISOPTIONAL>false</ISOPTIONAL>
  <VOUCHERNUMBERSERIES>Default</VOUCHERNUMBERSERIES>
  <GSTREGISTRATION>Not Applicable</GSTREGISTRATION>
  <ISCANCELLED>false</ISCANCELLED>
  <OVRDNEWAYBILLAPPLICABILITY>false</OVRDNEWAYBILLAPPLICABILITY>
  <ALLLEDGERENTRIES.LIST>
   <INDEXNUMBER>1</INDEXNUMBER>
   <LEDGERNAME>Fuzitsy Systems</LEDGERNAME>
   <VCHLEDGERTYPE>Others</VCHLEDGERTYPE>
   <ISDEEMEDPOSITIVE>true</ISDEEMEDPOSITIVE>
   <ISPARTYLEDGER>true</ISPARTYLEDGER>
   <AMOUNT>
    <AMOUNT>3.55</AMOUNT>
    <CURRENCY>₹</CURRENCY>
    <FOREXSYMBOL>- * -</FOREXSYMBOL>
    <ISDEBIT>true</ISDEBIT>
   </AMOUNT>
  </ALLLEDGERENTRIES.LIST>
  <ALLLEDGERENTRIES.LIST>
   <INDEXNUMBER>2</INDEXNUMBER>
   <LEDGERNAME>Forex Gain/Loss</LEDGERNAME>
   <VCHLEDGERTYPE>Others</VCHLEDGERTYPE>
   <ISDEEMEDPOSITIVE>false</ISDEEMEDPOSITIVE>
   <ISPARTYLEDGER>false</ISPARTYLEDGER>
   <AMOUNT>
    <AMOUNT>3.55</AMOUNT>
    <CURRENCY>₹</CURRENCY>
    <FOREXSYMBOL>- * -</FOREXSYMBOL>
    <ISDEBIT>false</ISDEBIT>
   </AMOUNT>
  </ALLLEDGERENTRIES.LIST>
 </VOUCHER>
 <VOUCHER>
  <GUID>52889497-5b6b-403d-8f83-224e3c7759b4-00001107</GUID>
  <REMOTEALTGUID>52889497-5b6b-403d-8f83-224e3c7759b4</REMOTEALTGUID>
  <MASTERID>4359</MASTERID>
  <ALTERID>6057</ALTERID>
  <ENTEREDBY>A</ENTEREDBY>
  <DATE>2010-04-30</DATE>
  <EFFECTIVEDATE>2010-04-30</EFFECTIVEDATE>
  <VOUCHERTYPENAME>Journal</VOUCHERTYPENAME>
  <PERSISTEDVIEW>AccountingVoucherView</PERSISTEDVIEW>
  <VCHGSTCLASS>Not Applicable</VCHGSTCLASS>
  <ISCOSTCENTRE>false</ISCOSTCENTRE>
  <ISINVOICE>false</ISINVOICE>
  <VOUCHERNUMBER>1</VOUCHERNUMBER>
  <ISOPTIONAL>false</ISOPTIONAL>
  <VOUCHERNUMBERSERIES>Default</VOUCHERNUMBERSERIES>
  <GSTREGISTRATION>Not Applicable</GSTREGISTRATION>
  <ISCANCELLED>false</ISCANCELLED>
  <OVRDNEWAYBILLAPPLICABILITY>false</OVRDNEWAYBILLAPPLICABILITY>
  <ALLLEDGERENTRIES.LIST>
   <INDEXNUMBER>1</INDEXNUMBER>
   <LEDGERNAME>PF Admin Expense</LEDGERNAME>
   <VCHLEDGERTYPE>Others</VCHLEDGERTYPE>
   <ISDEEMEDPOSITIVE>true</ISDEEMEDPOSITIVE>
   <ISPARTYLEDGER>false</ISPARTYLEDGER>
   <AMOUNT>
    <AMOUNT>179.91</AMOUNT>
    <CURRENCY>₹</CURRENCY>
    <FOREXSYMBOL>- * -</FOREXSYMBOL>
    <ISDEBIT>true</ISDEBIT>
   </AMOUNT>
  </ALLLEDGERENTRIES.LIST>
  <ALLLEDGERENTRIES.LIST>
   <INDEXNUMBER>2</INDEXNUMBER>
   <LEDGERNAME>PF Admin Charges @ 1.10%</LEDGERNAME>
   <VCHLEDGERTYPE>Others</VCHLEDGERTYPE>
   <ISDEEMEDPOSITIVE>false</ISDEEMEDPOSITIVE>
   <ISPARTYLEDGER>false</ISPARTYLEDGER>
   <AMOUNT>
    <AMOUNT>172.34</AMOUNT>
    <CURRENCY>₹</CURRENCY>
    <FOREXSYMBOL>- * -</FOREXSYMBOL>
    <ISDEBIT>false</ISDEBIT>
   </AMOUNT>
  </ALLLEDGERENTRIES.LIST>
  <ALLLEDGERENTRIES.LIST>
   <INDEXNUMBER>3</INDEXNUMBER>
   <LEDGERNAME>DLI Contribution @ 0.5%</LEDGERNAME>
   <VCHLEDGERTYPE>Others</VCHLEDGERTYPE>
   <ISDEEMEDPOSITIVE>false</ISDEEMEDPOSITIVE>
   <ISPARTYLEDGER>false</ISPARTYLEDGER>
   <AMOUNT>
    <AMOUNT>6</AMOUNT>
    <CURRENCY>₹</CURRENCY>
    <FOREXSYMBOL>- * -</FOREXSYMBOL>
    <ISDEBIT>false</ISDEBIT>
   </AMOUNT>
  </ALLLEDGERENTRIES.LIST>
  <ALLLEDGERENTRIES.LIST>
   <INDEXNUMBER>4</INDEXNUMBER>
   <LEDGERNAME>EDLI Admin Charges @ 0.01%</LEDGERNAME>
   <VCHLEDGERTYPE>Others</VCHLEDGERTYPE>
   <ISDEEMEDPOSITIVE>false</ISDEEMEDPOSITIVE>
   <ISPARTYLEDGER>false</ISPARTYLEDGER>
   <AMOUNT>
    <AMOUNT>1.57</AMOUNT>
    <CURRENCY>₹</CURRENCY>
    <FOREXSYMBOL>- * -</FOREXSYMBOL>
    <ISDEBIT>false</ISDEBIT>
   </AMOUNT>
  </ALLLEDGERENTRIES.LIST>
 </VOUCHER>
 <VOUCHER>
  <GUID>52889497-5b6b-403d-8f83-224e3c7759b4-00001127</GUID>
  <REMOTEALTGUID>52889497-5b6b-403d-8f83-224e3c7759b4</REMOTEALTGUID>
  <MASTERID>4391</MASTERID>
  <ALTERID>6164</ALTERID>
  <ENTEREDBY>A</ENTEREDBY>
  <DATE>2010-05-31</DATE>
  <EFFECTIVEDATE>2010-05-31</EFFECTIVEDATE>
  <VOUCHERTYPENAME>Journal</VOUCHERTYPENAME>
  <PERSISTEDVIEW>AccountingVoucherView</PERSISTEDVIEW>
  <VCHGSTCLASS>Not Applicable</VCHGSTCLASS>
  <ISCOSTCENTRE>false</ISCOSTCENTRE>
  <ISINVOICE>false</ISINVOICE>
  <VOUCHERNUMBER>2</VOUCHERNUMBER>
  <ISOPTIONAL>false</ISOPTIONAL>
  <VOUCHERNUMBERSERIES>Default</VOUCHERNUMBERSERIES>
  <GSTREGISTRATION>Not Applicable</GSTREGISTRATION>
  <ISCANCELLED>false</ISCANCELLED>
  <OVRDNEWAYBILLAPPLICABILITY>false</OVRDNEWAYBILLAPPLICABILITY>
  <ALLLEDGERENTRIES.LIST>
   <INDEXNUMBER>1</INDEXNUMBER>
   <LEDGERNAME>PF Admin Expense</LEDGERNAME>
   <VCHLEDGERTYPE>Others</VCHLEDGERTYPE>
   <ISDEEMEDPOSITIVE>true</ISDEEMEDPOSITIVE>
   <ISPARTYLEDGER>false</ISPARTYLEDGER>
   <AMOUNT>
    <AMOUNT>314.19</AMOUNT>
    <CURRENCY>₹</CURRENCY>
    <FOREXSYMBOL>- * -</FOREXSYMBOL>
    <ISDEBIT>true</ISDEBIT>
   </AMOUNT>
  </ALLLEDGERENTRIES.LIST>
  <ALLLEDGERENTRIES.LIST>
   <INDEXNUMBER>2</INDEXNUMBER>
   <LEDGERNAME>PF Admin Charges @ 1.10%</LEDGERNAME>
   <VCHLEDGERTYPE>Others</VCHLEDGERTYPE>
   <ISDEEMEDPOSITIVE>false</ISDEEMEDPOSITIVE>
   <ISPARTYLEDGER>false</ISPARTYLEDGER>
   <AMOUNT>
    <AMOUNT>301.45</AMOUNT>
    <CURRENCY>₹</CURRENCY>
    <FOREXSYMBOL>- * -</FOREXSYMBOL>
    <ISDEBIT>false</ISDEBIT>
   </AMOUNT>
  </ALLLEDGERENTRIES.LIST>
  <ALLLEDGERENTRIES.LIST>
   <INDEXNUMBER>3</INDEXNUMBER>
   <LEDGERNAME>DLI Contribution @ 0.5%</LEDGERNAME>
   <VCHLEDGERTYPE>Others</VCHLEDGERTYPE>
   <ISDEEMEDPOSITIVE>false</ISDEEMEDPOSITIVE>
   <ISPARTYLEDGER>false</ISPARTYLEDGER>
   <AMOUNT>
    <AMOUNT>10</AMOUNT>
    <CURRENCY>₹</CURRENCY>
    <FOREXSYMBOL>- * -</FOREXSYMBOL>
    <ISDEBIT>false</ISDEBIT>
   </AMOUNT>
  </ALLLEDGERENTRIES.LIST>
  <ALLLEDGERENTRIES.LIST>
   <INDEXNUMBER>4</INDEXNUMBER>
   <LEDGERNAME>EDLI Admin Charges @ 0.01%</LEDGERNAME>
   <VCHLEDGERTYPE>Others</VCHLEDGERTYPE>
   <ISDEEMEDPOSITIVE>false</ISDEEMEDPOSITIVE>
   <ISPARTYLEDGER>false</ISPARTYLEDGER>
   <AMOUNT>
    <AMOUNT>2.74</AMOUNT>
    <CURRENCY>₹</CURRENCY>
    <FOREXSYMBOL>- * -</FOREXSYMBOL>
    <ISDEBIT>false</ISDEBIT>
   </AMOUNT>
  </ALLLEDGERENTRIES.LIST>
 </VOUCHER>
 <VOUCHER>
  <GUID>52889497-5b6b-403d-8f83-224e3c7759b4-00001140</GUID>
  <REMOTEALTGUID>52889497-5b6b-403d-8f83-224e3c7759b4</REMOTEALTGUID>
  <MASTERID>4416</MASTERID>
  <ALTERID>6255</ALTERID>
  <ENTEREDBY>A</ENTEREDBY>
  <DATE>2010-06-30</DATE>
  <EFFECTIVEDATE>2010-06-30</EFFECTIVEDATE>
  <VOUCHERTYPENAME>Journal</VOUCHERTYPENAME>
  <PERSISTEDVIEW>AccountingVoucherView</PERSISTEDVIEW>
  <VCHGSTCLASS>Not Applicable</VCHGSTCLASS>
  <ISCOSTCENTRE>false</ISCOSTCENTRE>
  <ISINVOICE>false</ISINVOICE>
  <VOUCHERNUMBER>3</VOUCHERNUMBER>
  <ISOPTIONAL>false</ISOPTIONAL>
  <VOUCHERNUMBERSERIES>Default</VOUCHERNUMBERSERIES>
  <GSTREGISTRATION>Not Applicable</GSTREGISTRATION>
  <ISCANCELLED>false</ISCANCELLED>
  <OVRDNEWAYBILLAPPLICABILITY>false</OVRDNEWAYBILLAPPLICABILITY>
  <ALLLEDGERENTRIES.LIST>
   <INDEXNUMBER>1</INDEXNUMBER>
   <LEDGERNAME>PF Admin Expense</LEDGERNAME>
   <VCHLEDGERTYPE>Others</VCHLEDGERTYPE>
   <ISDEEMEDPOSITIVE>true</ISDEEMEDPOSITIVE>
   <ISPARTYLEDGER>false</ISPARTYLEDGER>
   <AMOUNT>
    <AMOUNT>374.42</AMOUNT>
    <CURRENCY>₹</CURRENCY>
    <FOREXSYMBOL>- * -</FOREXSYMBOL>
    <ISDEBIT>true</ISDEBIT>
   </AMOUNT>
  </ALLLEDGERENTRIES.LIST>
  <ALLLEDGERENTRIES.LIST>
   <INDEXNUMBER>2</INDEXNUMBER>
   <LEDGERNAME>PF Admin Charges @ 1.10%</LEDGERNAME>
   <VCHLEDGERTYPE>Others</VCHLEDGERTYPE>
   <ISDEEMEDPOSITIVE>false</ISDEEMEDPOSITIVE>
   <ISPARTYLEDGER>false</ISPARTYLEDGER>
   <AMOUNT>
    <AMOUNT>359.15</AMOUNT>
    <CURRENCY>₹</CURRENCY>
    <FOREXSYMBOL>- * -</FOREXSYMBOL>
    <ISDEBIT>false</ISDEBIT>
   </AMOUNT>
  </ALLLEDGERENTRIES.LIST>
  <ALLLEDGERENTRIES.LIST>
   <INDEXNUMBER>3</INDEXNUMBER>
   <LEDGERNAME>DLI Contribution @ 0.5%</LEDGERNAME>
   <VCHLEDGERTYPE>Others</VCHLEDGERTYPE>
   <ISDEEMEDPOSITIVE>false</ISDEEMEDPOSITIVE>
   <ISPARTYLEDGER>false</ISPARTYLEDGER>
   <AMOUNT>
    <AMOUNT>12</AMOUNT>
    <CURRENCY>₹</CURRENCY>
    <FOREXSYMBOL>- * -</FOREXSYMBOL>
    <ISDEBIT>false</ISDEBIT>
   </AMOUNT>
  </ALLLEDGERENTRIES.LIST>
  <ALLLEDGERENTRIES.LIST>
   <INDEXNUMBER>4</INDEXNUMBER>
   <LEDGERNAME>EDLI Admin Charges @ 0.01%</LEDGERNAME>
   <VCHLEDGERTYPE>Others</VCHLEDGERTYPE>
   <ISDEEMEDPOSITIVE>false</ISDEEMEDPOSITIVE>
   <ISPARTYLEDGER>false</ISPARTYLEDGER>
   <AMOUNT>
    <AMOUNT>3.27</AMOUNT>
    <CURRENCY>₹</CURRENCY>
    <FOREXSYMBOL>- * -</FOREXSYMBOL>
    <ISDEBIT>false</ISDEBIT>
   </AMOUNT>
  </ALLLEDGERENTRIES.LIST>
 </VOUCHER>
 <VOUCHER>
  <GUID>52889497-5b6b-403d-8f83-224e3c7759b4-00001158</GUID>
  <REMOTEALTGUID>52889497-5b6b-403d-8f83-224e3c7759b4</REMOTEALTGUID>
  <MASTERID>4440</MASTERID>
  <ALTERID>6357</ALTERID>
  <ENTEREDBY>A</ENTEREDBY>
  <DATE>2010-07-31</DATE>
  <EFFECTIVEDATE>2010-07-31</EFFECTIVEDATE>
  <VOUCHERTYPENAME>Journal</VOUCHERTYPENAME>
  <PERSISTEDVIEW>AccountingVoucherView</PERSISTEDVIEW>
  <VCHGSTCLASS>Not Applicable</VCHGSTCLASS>
  <ISCOSTCENTRE>false</ISCOSTCENTRE>
  <ISINVOICE>false</ISINVOICE>
  <VOUCHERNUMBER>4</VOUCHERNUMBER>
  <ISOPTIONAL>false</ISOPTIONAL>
  <VOUCHERNUMBERSERIES>Default</VOUCHERNUMBERSERIES>
  <GSTREGISTRATION>Not Applicable</GSTREGISTRATION>
  <ISCANCELLED>false</ISCANCELLED>
  <OVRDNEWAYBILLAPPLICABILITY>false</OVRDNEWAYBILLAPPLICABILITY>
  <ALLLEDGERENTRIES.LIST>
   <INDEXNUMBER>1</INDEXNUMBER>
   <LEDGERNAME>PF Admin Expense</LEDGERNAME>
   <VCHLEDGERTYPE>Others</VCHLEDGERTYPE>
   <ISDEEMEDPOSITIVE>true</ISDEEMEDPOSITIVE>
   <ISPARTYLEDGER>false</ISPARTYLEDGER>
   <AMOUNT>
    <AMOUNT>389.40</AMOUNT>
    <CURRENCY>₹</CURRENCY>
    <FOREXSYMBOL>- * -</FOREXSYMBOL>
    <ISDEBIT>true</ISDEBIT>
   </AMOUNT>
  </ALLLEDGERENTRIES.LIST>
  <ALLLEDGERENTRIES.LIST>
   <INDEXNUMBER>2</INDEXNUMBER>
   <LEDGERNAME>PF Admin Charges @ 1.10%</LEDGERNAME>
   <VCHLEDGERTYPE>Others</VCHLEDGERTYPE>
   <ISDEEMEDPOSITIVE>false</ISDEEMEDPOSITIVE>
   <ISPARTYLEDGER>false</ISPARTYLEDGER>
   <AMOUNT>
    <AMOUNT>374</AMOUNT>
    <CURRENCY>₹</CURRENCY>
    <FOREXSYMBOL>- * -</FOREXSYMBOL>
    <ISDEBIT>false</ISDEBIT>
   </AMOUNT>
  </ALLLEDGERENTRIES.LIST>
  <ALLLEDGERENTRIES.LIST>
   <INDEXNUMBER>3</INDEXNUMBER>
   <LEDGERNAME>DLI Contribution @ 0.5%</LEDGERNAME>
   <VCHLEDGERTYPE>Others</VCHLEDGERTYPE>
   <ISDEEMEDPOSITIVE>false</ISDEEMEDPOSITIVE>
   <ISPARTYLEDGER>false</ISPARTYLEDGER>
   <AMOUNT>
    <AMOUNT>12</AMOUNT>
    <CURRENCY>₹</CURRENCY>
    <FOREXSYMBOL>- * -</FOREXSYMBOL>
    <ISDEBIT>false</ISDEBIT>
   </AMOUNT>
  </ALLLEDGERENTRIES.LIST>
  <ALLLEDGERENTRIES.LIST>
   <INDEXNUMBER>4</INDEXNUMBER>
   <LEDGERNAME>EDLI Admin Charges @ 0.01%</LEDGERNAME>
   <VCHLEDGERTYPE>Others</VCHLEDGERTYPE>
   <ISDEEMEDPOSITIVE>false</ISDEEMEDPOSITIVE>
   <ISPARTYLEDGER>false</ISPARTYLEDGER>
   <AMOUNT>
    <AMOUNT>3.40</AMOUNT>
    <CURRENCY>₹</CURRENCY>
    <FOREXSYMBOL>- * -</FOREXSYMBOL>
    <ISDEBIT>false</ISDEBIT>
   </AMOUNT>
  </ALLLEDGERENTRIES.LIST>
 </VOUCHER>
 <VOUCHER>
  <GUID>52889497-5b6b-403d-8f83-224e3c7759b4-00001170</GUID>
  <REMOTEALTGUID>52889497-5b6b-403d-8f83-224e3c7759b4</REMOTEALTGUID>
  <MASTERID>4464</MASTERID>
  <ALTERID>6457</ALTERID>
  <ENTEREDBY>A</ENTEREDBY>
  <DATE>2010-08-31</DATE>
  <EFFECTIVEDATE>2010-08-31</EFFECTIVEDATE>
  <VOUCHERTYPENAME>Journal</VOUCHERTYPENAME>
  <PERSISTEDVIEW>AccountingVoucherView</PERSISTEDVIEW>
  <VCHGSTCLASS>Not Applicable</VCHGSTCLASS>
  <ISCOSTCENTRE>false</ISCOSTCENTRE>
  <ISINVOICE>false</ISINVOICE>
  <VOUCHERNUMBER>5</VOUCHERNUMBER>
  <ISOPTIONAL>false</ISOPTIONAL>
  <VOUCHERNUMBERSERIES>Default</VOUCHERNUMBERSERIES>
  <GSTREGISTRATION>Not Applicable</GSTREGISTRATION>
  <ISCANCELLED>false</ISCANCELLED>
  <OVRDNEWAYBILLAPPLICABILITY>false</OVRDNEWAYBILLAPPLICABILITY>
  <ALLLEDGERENTRIES.LIST>
   <INDEXNUMBER>1</INDEXNUMBER>
   <LEDGERNAME>PF Admin Expense</LEDGERNAME>
   <VCHLEDGERTYPE>Others</VCHLEDGERTYPE>
   <ISDEEMEDPOSITIVE>true</ISDEEMEDPOSITIVE>
   <ISPARTYLEDGER>false</ISPARTYLEDGER>
   <AMOUNT>
    <AMOUNT>366.32</AMOUNT>
    <CURRENCY>₹</CURRENCY>
    <FOREXSYMBOL>- * -</FOREXSYMBOL>
    <ISDEBIT>true</ISDEBIT>
   </AMOUNT>
  </ALLLEDGERENTRIES.LIST>
  <ALLLEDGERENTRIES.LIST>
   <INDEXNUMBER>2</INDEXNUMBER>
   <LEDGERNAME>PF Admin Charges @ 1.10%</LEDGERNAME>
   <VCHLEDGERTYPE>Others</VCHLEDGERTYPE>
   <ISDEEMEDPOSITIVE>false</ISDEEMEDPOSITIVE>
   <ISPARTYLEDGER>false</ISPARTYLEDGER>
   <AMOUNT>
    <AMOUNT>351.12</AMOUNT>
    <CURRENCY>₹</CURRENCY>
    <FOREXSYMBOL>- * -</FOREXSYMBOL>
    <ISDEBIT>false</ISDEBIT>
   </AMOUNT>
  </ALLLEDGERENTRIES.LIST>
  <ALLLEDGERENTRIES.LIST>
   <INDEXNUMBER>3</INDEXNUMBER>
   <LEDGERNAME>DLI Contribution @ 0.5%</LEDGERNAME>
   <VCHLEDGERTYPE>Others</VCHLEDGERTYPE>
   <ISDEEMEDPOSITIVE>false</ISDEEMEDPOSITIVE>
   <ISPARTYLEDGER>false</ISPARTYLEDGER>
   <AMOUNT>
    <AMOUNT>12</AMOUNT>
    <CURRENCY>₹</CURRENCY>
    <FOREXSYMBOL>- * -</FOREXSYMBOL>
    <ISDEBIT>false</ISDEBIT>
   </AMOUNT>
  </ALLLEDGERENTRIES.LIST>
  <ALLLEDGERENTRIES.LIST>
   <INDEXNUMBER>4</INDEXNUMBER>
   <LEDGERNAME>EDLI Admin Charges @ 0.01%</LEDGERNAME>
   <VCHLEDGERTYPE>Others</VCHLEDGERTYPE>
   <ISDEEMEDPOSITIVE>false</ISDEEMEDPOSITIVE>
   <ISPARTYLEDGER>false</ISPARTYLEDGER>
   <AMOUNT>
    <AMOUNT>3.20</AMOUNT>
    <CURRENCY>₹</CURRENCY>
    <FOREXSYMBOL>- * -</FOREXSYMBOL>
    <ISDEBIT>false</ISDEBIT>
   </AMOUNT>
  </ALLLEDGERENTRIES.LIST>
 </VOUCHER>
 <VOUCHER>
  <GUID>52889497-5b6b-403d-8f83-224e3c7759b4-00001184</GUID>
  <REMOTEALTGUID>52889497-5b6b-403d-8f83-224e3c7759b4</REMOTEALTGUID>
  <MASTERID>4484</MASTERID>
  <ALTERID>6537</ALTERID>
  <ENTEREDBY>A</ENTEREDBY>
  <DATE>2010-09-30</DATE>
  <EFFECTIVEDATE>2010-09-30</EFFECTIVEDATE>
  <VOUCHERTYPENAME>Journal</VOUCHERTYPENAME>
  <PERSISTEDVIEW>AccountingVoucherView</PERSISTEDVIEW>
  <VCHGSTCLASS>Not Applicable</VCHGSTCLASS>
  <ISCOSTCENTRE>false</ISCOSTCENTRE>
  <ISINVOICE>false</ISINVOICE>
  <VOUCHERNUMBER>6</VOUCHERNUMBER>
  <ISOPTIONAL>false</ISOPTIONAL>
  <VOUCHERNUMBERSERIES>Default</VOUCHERNUMBERSERIES>
  <GSTREGISTRATION>Not Applicable</GSTREGISTRATION>
  <ISCANCELLED>false</ISCANCELLED>
  <OVRDNEWAYBILLAPPLICABILITY>false</OVRDNEWAYBILLAPPLICABILITY>
  <ALLLEDGERENTRIES.LIST>
   <INDEXNUMBER>1</INDEXNUMBER>
   <LEDGERNAME>PF Admin Expense</LEDGERNAME>
   <VCHLEDGERTYPE>Others</VCHLEDGERTYPE>
   <ISDEEMEDPOSITIVE>true</ISDEEMEDPOSITIVE>
   <ISPARTYLEDGER>false</ISPARTYLEDGER>
   <AMOUNT>
    <AMOUNT>331.90</AMOUNT>
    <CURRENCY>₹</CURRENCY>
    <FOREXSYMBOL>- * -</FOREXSYMBOL>
    <ISDEBIT>true</ISDEBIT>
   </AMOUNT>
  </ALLLEDGERENTRIES.LIST>
  <ALLLEDGERENTRIES.LIST>
   <INDEXNUMBER>2</INDEXNUMBER>
   <LEDGERNAME>PF Admin Charges @ 1.10%</LEDGERNAME>
   <VCHLEDGERTYPE>Others</VCHLEDGERTYPE>
   <ISDEEMEDPOSITIVE>false</ISDEEMEDPOSITIVE>
   <ISPARTYLEDGER>false</ISPARTYLEDGER>
   <AMOUNT>
    <AMOUNT>319</AMOUNT>
    <CURRENCY>₹</CURRENCY>
    <FOREXSYMBOL>- * -</FOREXSYMBOL>
    <ISDEBIT>false</ISDEBIT>
   </AMOUNT>
  </ALLLEDGERENTRIES.LIST>
  <ALLLEDGERENTRIES.LIST>
   <INDEXNUMBER>3</INDEXNUMBER>
   <LEDGERNAME>DLI Contribution @ 0.5%</LEDGERNAME>
   <VCHLEDGERTYPE>Others</VCHLEDGERTYPE>
   <ISDEEMEDPOSITIVE>false</ISDEEMEDPOSITIVE>
   <ISPARTYLEDGER>false</ISPARTYLEDGER>
   <AMOUNT>
    <AMOUNT>10</AMOUNT>
    <CURRENCY>₹</CURRENCY>
    <FOREXSYMBOL>- * -</FOREXSYMBOL>
    <ISDEBIT>false</ISDEBIT>
   </AMOUNT>
  </ALLLEDGERENTRIES.LIST>
  <ALLLEDGERENTRIES.LIST>
   <INDEXNUMBER>4</INDEXNUMBER>
   <LEDGERNAME>EDLI Admin Charges @ 0.01%</LEDGERNAME>
   <VCHLEDGERTYPE>Others</VCHLEDGERTYPE>
   <ISDEEMEDPOSITIVE>false</ISDEEMEDPOSITIVE>
   <ISPARTYLEDGER>false</ISPARTYLEDGER>
   <AMOUNT>
    <AMOUNT>2.90</AMOUNT>
    <CURRENCY>₹</CURRENCY>
    <FOREXSYMBOL>- * -</FOREXSYMBOL>
    <ISDEBIT>false</ISDEBIT>
   </AMOUNT>
  </ALLLEDGERENTRIES.LIST>
 </VOUCHER>
 <VOUCHER>
  <GUID>52889497-5b6b-403d-8f83-224e3c7759b4-00001197</GUID>
  <REMOTEALTGUID>52889497-5b6b-403d-8f83-224e3c7759b4</REMOTEALTGUID>
  <MASTERID>4503</MASTERID>
  <ALTERID>6626</ALTERID>
  <ENTEREDBY>A</ENTEREDBY>
  <DATE>2010-10-31</DATE>
  <EFFECTIVEDATE>2010-10-31</EFFECTIVEDATE>
  <VOUCHERTYPENAME>Journal</VOUCHERTYPENAME>
  <PERSISTEDVIEW>AccountingVoucherView</PERSISTEDVIEW>
  <VCHGSTCLASS>Not Applicable</VCHGSTCLASS>
  <ISCOSTCENTRE>false</ISCOSTCENTRE>
  <ISINVOICE>false</ISINVOICE>
  <VOUCHERNUMBER>7</VOUCHERNUMBER>
  <ISOPTIONAL>false</ISOPTIONAL>
  <VOUCHERNUMBERSERIES>Default</VOUCHERNUMBERSERIES>
  <GSTREGISTRATION>Not Applicable</GSTREGISTRATION>
  <ISCANCELLED>false</ISCANCELLED>
  <OVRDNEWAYBILLAPPLICABILITY>false</OVRDNEWAYBILLAPPLICABILITY>
  <ALLLEDGERENTRIES.LIST>
   <INDEXNUMBER>1</INDEXNUMBER>
   <LEDGERNAME>PF Admin Expense</LEDGERNAME>
   <VCHLEDGERTYPE>Others</VCHLEDGERTYPE>
   <ISDEEMEDPOSITIVE>true</ISDEEMEDPOSITIVE>
   <ISPARTYLEDGER>false</ISPARTYLEDGER>
   <AMOUNT>
    <AMOUNT>331.90</AMOUNT>
    <CURRENCY>₹</CURRENCY>
    <FOREXSYMBOL>- * -</FOREXSYMBOL>
    <ISDEBIT>true</ISDEBIT>
   </AMOUNT>
  </ALLLEDGERENTRIES.LIST>
  <ALLLEDGERENTRIES.LIST>
   <INDEXNUMBER>2</INDEXNUMBER>
   <LEDGERNAME>PF Admin Charges @ 1.10%</LEDGERNAME>
   <VCHLEDGERTYPE>Others</VCHLEDGERTYPE>
   <ISDEEMEDPOSITIVE>false</ISDEEMEDPOSITIVE>
   <ISPARTYLEDGER>false</ISPARTYLEDGER>
   <AMOUNT>
    <AMOUNT>319</AMOUNT>
    <CURRENCY>₹</CURRENCY>
    <FOREXSYMBOL>- * -</FOREXSYMBOL>
    <ISDEBIT>false</ISDEBIT>
   </AMOUNT>
  </ALLLEDGERENTRIES.LIST>
  <ALLLEDGERENTRIES.LIST>
   <INDEXNUMBER>3</INDEXNUMBER>
   <LEDGERNAME>DLI Contribution @ 0.5%</LEDGERNAME>
   <VCHLEDGERTYPE>Others</VCHLEDGERTYPE>
   <ISDEEMEDPOSITIVE>false</ISDEEMEDPOSITIVE>
   <ISPARTYLEDGER>false</ISPARTYLEDGER>
   <AMOUNT>
    <AMOUNT>10</AMOUNT>
    <CURRENCY>₹</CURRENCY>
    <FOREXSYMBOL>- * -</FOREXSYMBOL>
    <ISDEBIT>false</ISDEBIT>
   </AMOUNT>
  </ALLLEDGERENTRIES.LIST>
  <ALLLEDGERENTRIES.LIST>
   <INDEXNUMBER>4</INDEXNUMBER>
   <LEDGERNAME>EDLI Admin Charges @ 0.01%</LEDGERNAME>
   <VCHLEDGERTYPE>Others</VCHLEDGERTYPE>
   <ISDEEMEDPOSITIVE>false</ISDEEMEDPOSITIVE>
   <ISPARTYLEDGER>false</ISPARTYLEDGER>
   <AMOUNT>
    <AMOUNT>2.90</AMOUNT>
    <CURRENCY>₹</CURRENCY>
    <FOREXSYMBOL>- * -</FOREXSYMBOL>
    <ISDEBIT>false</ISDEBIT>
   </AMOUNT>
  </ALLLEDGERENTRIES.LIST>
 </VOUCHER>
 <VOUCHER>
  <GUID>52889497-5b6b-403d-8f83-224e3c7759b4-000011b1</GUID>
  <REMOTEALTGUID>52889497-5b6b-403d-8f83-224e3c7759b4</REMOTEALTGUID>
  <MASTERID>4529</MASTERID>
  <ALTERID>6719</ALTERID>
  <ENTEREDBY>A</ENTEREDBY>
  <DATE>2010-11-30</DATE>
  <EFFECTIVEDATE>2010-11-30</EFFECTIVEDATE>
  <VOUCHERTYPENAME>Journal</VOUCHERTYPENAME>
  <PERSISTEDVIEW>AccountingVoucherView</PERSISTEDVIEW>
  <VCHGSTCLASS>Not Applicable</VCHGSTCLASS>
  <ISCOSTCENTRE>false</ISCOSTCENTRE>
  <ISINVOICE>false</ISINVOICE>
  <VOUCHERNUMBER>8</VOUCHERNUMBER>
  <ISOPTIONAL>false</ISOPTIONAL>
  <VOUCHERNUMBERSERIES>Default</VOUCHERNUMBERSERIES>
  <GSTREGISTRATION>Not Applicable</GSTREGISTRATION>
  <ISCANCELLED>false</ISCANCELLED>
  <OVRDNEWAYBILLAPPLICABILITY>false</OVRDNEWAYBILLAPPLICABILITY>
  <ALLLEDGERENTRIES.LIST>
   <INDEXNUMBER>1</INDEXNUMBER>
   <LEDGERNAME>PF Admin Expense</LEDGERNAME>
   <VCHLEDGERTYPE>Others</VCHLEDGERTYPE>
   <ISDEEMEDPOSITIVE>true</ISDEEMEDPOSITIVE>
   <ISPARTYLEDGER>false</ISPARTYLEDGER>
   <AMOUNT>
    <AMOUNT>330.04</AMOUNT>
    <CURRENCY>₹</CURRENCY>
    <FOREXSYMBOL>- * -</FOREXSYMBOL>
    <ISDEBIT>true</ISDEBIT>
   </AMOUNT>
  </ALLLEDGERENTRIES.LIST>
  <ALLLEDGERENTRIES.LIST>
   <INDEXNUMBER>2</INDEXNUMBER>
   <LEDGERNAME>PF Admin Charges @ 1.10%</LEDGERNAME>
   <VCHLEDGERTYPE>Others</VCHLEDGERTYPE>
   <ISDEEMEDPOSITIVE>false</ISDEEMEDPOSITIVE>
   <ISPARTYLEDGER>false</ISPARTYLEDGER>
   <AMOUNT>
    <AMOUNT>317.16</AMOUNT>
    <CURRENCY>₹</CURRENCY>
    <FOREXSYMBOL>- * -</FOREXSYMBOL>
    <ISDEBIT>false</ISDEBIT>
   </AMOUNT>
  </ALLLEDGERENTRIES.LIST>
  <ALLLEDGERENTRIES.LIST>
   <INDEXNUMBER>3</INDEXNUMBER>
   <LEDGERNAME>DLI Contribution @ 0.5%</LEDGERNAME>
   <VCHLEDGERTYPE>Others</VCHLEDGERTYPE>
   <ISDEEMEDPOSITIVE>false</ISDEEMEDPOSITIVE>
   <ISPARTYLEDGER>false</ISPARTYLEDGER>
   <AMOUNT>
    <AMOUNT>10</AMOUNT>
    <CURRENCY>₹</CURRENCY>
    <FOREXSYMBOL>- * -</FOREXSYMBOL>
    <ISDEBIT>false</ISDEBIT>
   </AMOUNT>
  </ALLLEDGERENTRIES.LIST>
  <ALLLEDGERENTRIES.LIST>
   <INDEXNUMBER>4</INDEXNUMBER>
   <LEDGERNAME>EDLI Admin Charges @ 0.01%</LEDGERNAME>
   <VCHLEDGERTYPE>Others</VCHLEDGERTYPE>
   <ISDEEMEDPOSITIVE>false</ISDEEMEDPOSITIVE>
   <ISPARTYLEDGER>false</ISPARTYLEDGER>
   <AMOUNT>
    <AMOUNT>2.88</AMOUNT>
    <CURRENCY>₹</CURRENCY>
    <FOREXSYMBOL>- * -</FOREXSYMBOL>
    <ISDEBIT>false</ISDEBIT>
   </AMOUNT>
  </ALLLEDGERENTRIES.LIST>
 </VOUCHER>
 <VOUCHER>
  <GUID>52889497-5b6b-403d-8f83-224e3c7759b4-000011e2</GUID>
  <REMOTEALTGUID>52889497-5b6b-403d-8f83-224e3c7759b4</REMOTEALTGUID>
  <MASTERID>4578</MASTERID>
  <ALTERID>6832</ALTERID>
  <ENTEREDBY>A</ENTEREDBY>
  <DATE>2010-12-31</DATE>
  <EFFECTIVEDATE>2010-12-31</EFFECTIVEDATE>
  <VOUCHERTYPENAME>Journal</VOUCHERTYPENAME>
  <PERSISTEDVIEW>AccountingVoucherView</PERSISTEDVIEW>
  <VCHGSTCLASS>Not Applicable</VCHGSTCLASS>
  <ISCOSTCENTRE>false</ISCOSTCENTRE>
  <ISINVOICE>false</ISINVOICE>
  <VOUCHERNUMBER>9</VOUCHERNUMBER>
  <ISOPTIONAL>false</ISOPTIONAL>
  <VOUCHERNUMBERSERIES>Default</VOUCHERNUMBERSERIES>
  <GSTREGISTRATION>Not Applicable</GSTREGISTRATION>
  <ISCANCELLED>false</ISCANCELLED>
  <OVRDNEWAYBILLAPPLICABILITY>false</OVRDNEWAYBILLAPPLICABILITY>
  <ALLLEDGERENTRIES.LIST>
   <INDEXNUMBER>1</INDEXNUMBER>
   <LEDGERNAME>PF Admin Expense</LEDGERNAME>
   <VCHLEDGERTYPE>Others</VCHLEDGERTYPE>
   <ISDEEMEDPOSITIVE>true</ISDEEMEDPOSITIVE>
   <ISPARTYLEDGER>false</ISPARTYLEDGER>
   <AMOUNT>
    <AMOUNT>331.90</AMOUNT>
    <CURRENCY>₹</CURRENCY>
    <FOREXSYMBOL>- * -</FOREXSYMBOL>
    <ISDEBIT>true</ISDEBIT>
   </AMOUNT>
  </ALLLEDGERENTRIES.LIST>
  <ALLLEDGERENTRIES.LIST>
   <INDEXNUMBER>2</INDEXNUMBER>
   <LEDGERNAME>PF Admin Charges @ 1.10%</LEDGERNAME>
   <VCHLEDGERTYPE>Others</VCHLEDGERTYPE>
   <ISDEEMEDPOSITIVE>false</ISDEEMEDPOSITIVE>
   <ISPARTYLEDGER>false</ISPARTYLEDGER>
   <AMOUNT>
    <AMOUNT>319</AMOUNT>
    <CURRENCY>₹</CURRENCY>
    <FOREXSYMBOL>- * -</FOREXSYMBOL>
    <ISDEBIT>false</ISDEBIT>
   </AMOUNT>
  </ALLLEDGERENTRIES.LIST>
  <ALLLEDGERENTRIES.LIST>
   <INDEXNUMBER>3</INDEXNUMBER>
   <LEDGERNAME>DLI Contribution @ 0.5%</LEDGERNAME>
   <VCHLEDGERTYPE>Others</VCHLEDGERTYPE>
   <ISDEEMEDPOSITIVE>false</ISDEEMEDPOSITIVE>
   <ISPARTYLEDGER>false</ISPARTYLEDGER>
   <AMOUNT>
    <AMOUNT>10</AMOUNT>
    <CURRENCY>₹</CURRENCY>
    <FOREXSYMBOL>- * -</FOREXSYMBOL>
    <ISDEBIT>false</ISDEBIT>
   </AMOUNT>
  </ALLLEDGERENTRIES.LIST>
  <ALLLEDGERENTRIES.LIST>
   <INDEXNUMBER>4</INDEXNUMBER>
   <LEDGERNAME>EDLI Admin Charges @ 0.01%</LEDGERNAME>
   <VCHLEDGERTYPE>Others</VCHLEDGERTYPE>
   <ISDEEMEDPOSITIVE>false</ISDEEMEDPOSITIVE>
   <ISPARTYLEDGER>false</ISPARTYLEDGER>
   <AMOUNT>
    <AMOUNT>2.90</AMOUNT>
    <CURRENCY>₹</CURRENCY>
    <FOREXSYMBOL>- * -</FOREXSYMBOL>
    <ISDEBIT>false</ISDEBIT>
   </AMOUNT>
  </ALLLEDGERENTRIES.LIST>
 </VOUCHER>
 <VOUCHER>
  <GUID>52889497-5b6b-403d-8f83-224e3c7759b4-00000039</GUID>
  <REMOTEALTGUID>52889497-5b6b-403d-8f83-224e3c7759b4</REMOTEALTGUID>
  <MASTERID>57</MASTERID>
  <ALTERID>7317</ALTERID>
  <ENTEREDBY>A</ENTEREDBY>
  <DATE>2016-04-26</DATE>
  <EFFECTIVEDATE>2016-04-26</EFFECTIVEDATE>
  <VOUCHERTYPENAME>Journal</VOUCHERTYPENAME>
  <PERSISTEDVIEW>AccountingVoucherView</PERSISTEDVIEW>
  <VCHGSTCLASS>Not Applicable</VCHGSTCLASS>
  <ISCOSTCENTRE>false</ISCOSTCENTRE>
  <ISINVOICE>false</ISINVOICE>
  <VOUCHERNUMBER>1</VOUCHERNUMBER>
  <ISOPTIONAL>false</ISOPTIONAL>
  <NARRATION>Being Hyundai GLX Car purchased on Hirepurchase from Hyundai Motors, Bangalore.</NARRATION>
  <VOUCHERNUMBERSERIES>Default</VOUCHERNUMBERSERIES>
  <GSTREGISTRATION>Not Applicable</GSTREGISTRATION>
  <ISCANCELLED>false</ISCANCELLED>
  <OVRDNEWAYBILLAPPLICABILITY>false</OVRDNEWAYBILLAPPLICABILITY>
  <ALLLEDGERENTRIES.LIST>
   <INDEXNUMBER>1</INDEXNUMBER>
   <LEDGERNAME>Motor Car - Hyundai GLX</LEDGERNAME>
   <VCHLEDGERTYPE>Others</VCHLEDGERTYPE>
   <ISDEEMEDPOSITIVE>true</ISDEEMEDPOSITIVE>
   <ISPARTYLEDGER>false</ISPARTYLEDGER>
   <AMOUNT>
    <AMOUNT>727650</AMOUNT>
    <CURRENCY>₹</CURRENCY>
    <FOREXSYMBOL>- * -</FOREXSYMBOL>
    <ISDEBIT>true</ISDEBIT>
   </AMOUNT>
  </ALLLEDGERENTRIES.LIST>
  <ALLLEDGERENTRIES.LIST>
   <INDEXNUMBER>2</INDEXNUMBER>
   <LEDGERNAME>Hyundai Motors (I) Pvt. Ltd.,</LEDGERNAME>
   <VCHLEDGERTYPE>Others</VCHLEDGERTYPE>
   <ISDEEMEDPOSITIVE>false</ISDEEMEDPOSITIVE>
   <ISPARTYLEDGER>true</ISPARTYLEDGER>
   <AMOUNT>
    <AMOUNT>727650</AMOUNT>
    <CURRENCY>₹</CURRENCY>
    <FOREXSYMBOL>- * -</FOREXSYMBOL>
    <ISDEBIT>false</ISDEBIT>
   </AMOUNT>
   <BILLALLOCATIONS.LIST>
    <BILLTYPE>AgstRef</BILLTYPE>
    <NAME>HYN/HP/12300089</NAME>
    <AMOUNT>
     <AMOUNT>727650</AMOUNT>
     <CURRENCY>₹</CURRENCY>
     <FOREXSYMBOL>- * -</FOREXSYMBOL>
     <ISDEBIT>false</ISDEBIT>
    </AMOUNT>
   </BILLALLOCATIONS.LIST>
  </ALLLEDGERENTRIES.LIST>
 </VOUCHER>
 <VOUCHER>
  <GUID>52889497-5b6b-403d-8f83-224e3c7759b4-0000003a</GUID>
  <REMOTEALTGUID>52889497-5b6b-403d-8f83-224e3c7759b4</REMOTEALTGUID>
  <MASTERID>58</MASTERID>
  <ALTERID>7318</ALTERID>
  <ENTEREDBY>A</ENTEREDBY>
  <DATE>2016-04-27</DATE>
  <EFFECTIVEDATE>2016-04-27</EFFECTIVEDATE>
  <VOUCHERTYPENAME>Journal</VOUCHERTYPENAME>
  <PERSISTEDVIEW>AccountingVoucherView</PERSISTEDVIEW>
  <VCHGSTCLASS>Not Applicable</VCHGSTCLASS>
  <ISCOSTCENTRE>false</ISCOSTCENTRE>
  <ISINVOICE>false</ISINVOICE>
  <VOUCHERNUMBER>2</VOUCHERNUMBER>
  <ISOPTIONAL>false</ISOPTIONAL>
  <NARRATION>Being Car loan availed from Cholamandalam Finance for the Balance of Rs. 527650 /- for the period of 3 years. Interest payable @ 11.25/- flat for 3 years  (Amounting to Rs. 1,78,081.88 i.e, Rs. 59360.62 p.m)</NARRATION>
  <VOUCHERNUMBERSERIES>Default</VOUCHERNUMBERSERIES>
  <GSTREGISTRATION>Not Applicable</GSTREGISTRATION>
  <ISCANCELLED>false</ISCANCELLED>
  <OVRDNEWAYBILLAPPLICABILITY>false</OVRDNEWAYBILLAPPLICABILITY>
  <ALLLEDGERENTRIES.LIST>
   <INDEXNUMBER>1</INDEXNUMBER>
   <LEDGERNAME>Hyundai Motors (I) Pvt. Ltd.,</LEDGERNAME>
   <VCHLEDGERTYPE>Others</VCHLEDGERTYPE>
   <ISDEEMEDPOSITIVE>true</ISDEEMEDPOSITIVE>
   <ISPARTYLEDGER>true</ISPARTYLEDGER>
   <AMOUNT>
    <AMOUNT>527650</AMOUNT>
    <CURRENCY>₹</CURRENCY>
    <FOREXSYMBOL>- * -</FOREXSYMBOL>
    <ISDEBIT>true</ISDEBIT>
   </AMOUNT>
   <BILLALLOCATIONS.LIST>
    <BILLTYPE>AgstRef</BILLTYPE>
    <NAME>HYN/HP/12300089</NAME>
    <AMOUNT>
     <AMOUNT>527650</AMOUNT>
     <CURRENCY>₹</CURRENCY>
     <FOREXSYMBOL>- * -</FOREXSYMBOL>
     <ISDEBIT>true</ISDEBIT>
    </AMOUNT>
   </BILLALLOCATIONS.LIST>
  </ALLLEDGERENTRIES.LIST>
  <ALLLEDGERENTRIES.LIST>
   <INDEXNUMBER>2</INDEXNUMBER>
   <LEDGERNAME>Motor Car - Hyundai GLX</LEDGERNAME>
   <VCHLEDGERTYPE>Others</VCHLEDGERTYPE>
   <ISDEEMEDPOSITIVE>true</ISDEEMEDPOSITIVE>
   <ISPARTYLEDGER>false</ISPARTYLEDGER>
   <AMOUNT>
    <AMOUNT>178081.88</AMOUNT>
    <CURRENCY>₹</CURRENCY>
    <FOREXSYMBOL>- * -</FOREXSYMBOL>
    <ISDEBIT>true</ISDEBIT>
   </AMOUNT>
  </ALLLEDGERENTRIES.LIST>
  <ALLLEDGERENTRIES.LIST>
   <INDEXNUMBER>3</INDEXNUMBER>
   <LEDGERNAME>Cholamandalam Auto Finance Coy.,</LEDGERNAME>
   <VCHLEDGERTYPE>Others</VCHLEDGERTYPE>
   <ISDEEMEDPOSITIVE>false</ISDEEMEDPOSITIVE>
   <ISPARTYLEDGER>false</ISPARTYLEDGER>
   <AMOUNT>
    <AMOUNT>527650</AMOUNT>
    <CURRENCY>₹</CURRENCY>
    <FOREXSYMBOL>- * -</FOREXSYMBOL>
    <ISDEBIT>false</ISDEBIT>
   </AMOUNT>
   <BILLALLOCATIONS.LIST>
    <BILLTYPE>AgstRef</BILLTYPE>
    <NAME>HYN/HP/12300089</NAME>
    <AMOUNT>
     <AMOUNT>527650</AMOUNT>
     <CURRENCY>₹</CURRENCY>
     <FOREXSYMBOL>- * -</FOREXSYMBOL>
     <ISDEBIT>false</ISDEBIT>
    </AMOUNT>
   </BILLALLOCATIONS.LIST>
  </ALLLEDGERENTRIES.LIST>
  <ALLLEDGERENTRIES.LIST>
   <INDEXNUMBER>4</INDEXNUMBER>
   <LEDGERNAME>Interest on Car Loan A/c</LEDGERNAME>
   <VCHLEDGERTYPE>Others</VCHLEDGERTYPE>
   <ISDEEMEDPOSITIVE>false</ISDEEMEDPOSITIVE>
   <ISPARTYLEDGER>false</ISPARTYLEDGER>
   <AMOUNT>
    <AMOUNT>178081.88</AMOUNT>
    <CURRENCY>₹</CURRENCY>
    <FOREXSYMBOL>- * -</FOREXSYMBOL>
    <ISDEBIT>false</ISDEBIT>
   </AMOUNT>
  </ALLLEDGERENTRIES.LIST>
 </VOUCHER>
 <VOUCHER>
  <GUID>52889497-5b6b-403d-8f83-224e3c7759b4-00000044</GUID>
  <REMOTEALTGUID>52889497-5b6b-403d-8f83-224e3c7759b4</REMOTEALTGUID>
  <MASTERID>68</MASTERID>
  <ALTERID>7328</ALTERID>
  <ENTEREDBY>A</ENTEREDBY>
  <DATE>2016-04-30</DATE>
  <EFFECTIVEDATE>2016-04-30</EFFECTIVEDATE>
  <VOUCHERTYPENAME>Journal</VOUCHERTYPENAME>
  <PERSISTEDVIEW>AccountingVoucherView</PERSISTEDVIEW>
  <VCHGSTCLASS>Not Applicable</VCHGSTCLASS>
  <ISCOSTCENTRE>false</ISCOSTCENTRE>
  <ISINVOICE>false</ISINVOICE>
  <VOUCHERNUMBER>3</VOUCHERNUMBER>
  <ISOPTIONAL>false</ISOPTIONAL>
  <NARRATION>Being Petrol Expenses for Apr`07</NARRATION>
  <VOUCHERNUMBERSERIES>Default</VOUCHERNUMBERSERIES>
  <GSTREGISTRATION>Not Applicable</GSTREGISTRATION>
  <ISCANCELLED>false</ISCANCELLED>
  <OVRDNEWAYBILLAPPLICABILITY>false</OVRDNEWAYBILLAPPLICABILITY>
  <ALLLEDGERENTRIES.LIST>
   <INDEXNUMBER>1</INDEXNUMBER>
   <LEDGERNAME>Petrol Expenses</LEDGERNAME>
   <VCHLEDGERTYPE>Others</VCHLEDGERTYPE>
   <ISDEEMEDPOSITIVE>true</ISDEEMEDPOSITIVE>
   <ISPARTYLEDGER>false</ISPARTYLEDGER>
   <AMOUNT>
    <AMOUNT>2640</AMOUNT>
    <CURRENCY>₹</CURRENCY>
    <FOREXSYMBOL>- * -</FOREXSYMBOL>
    <ISDEBIT>true</ISDEBIT>
   </AMOUNT>
  </ALLLEDGERENTRIES.LIST>
  <ALLLEDGERENTRIES.LIST>
   <INDEXNUMBER>2</INDEXNUMBER>
   <LEDGERNAME>Bharat Petroleum</LEDGERNAME>
   <VCHLEDGERTYPE>Others</VCHLEDGERTYPE>
   <ISDEEMEDPOSITIVE>false</ISDEEMEDPOSITIVE>
   <ISPARTYLEDGER>true</ISPARTYLEDGER>
   <AMOUNT>
    <AMOUNT>2640</AMOUNT>
    <CURRENCY>₹</CURRENCY>
    <FOREXSYMBOL>- * -</FOREXSYMBOL>
    <ISDEBIT>false</ISDEBIT>
   </AMOUNT>
   <BILLALLOCATIONS.LIST>
    <BILLTYPE>NewRef</BILLTYPE>
    <NAME>15</NAME>
    <AMOUNT>
     <AMOUNT>2640</AMOUNT>
     <CURRENCY>₹</CURRENCY>
     <FOREXSYMBOL>- * -</FOREXSYMBOL>
     <ISDEBIT>false</ISDEBIT>
    </AMOUNT>
   </BILLALLOCATIONS.LIST>
  </ALLLEDGERENTRIES.LIST>
 </VOUCHER>
 <VOUCHER>
  <GUID>52889497-5b6b-403d-8f83-224e3c7759b4-00000045</GUID>
  <REMOTEALTGUID>52889497-5b6b-403d-8f83-224e3c7759b4</REMOTEALTGUID>
  <MASTERID>69</MASTERID>
  <ALTERID>7329</ALTERID>
  <ENTEREDBY>A</ENTEREDBY>
  <DATE>2016-04-30</DATE>
  <EFFECTIVEDATE>2016-04-30</EFFECTIVEDATE>
  <VOUCHERTYPENAME>Journal</VOUCHERTYPENAME>
  <PERSISTEDVIEW>AccountingVoucherView</PERSISTEDVIEW>
  <VCHGSTCLASS>Not Applicable</VCHGSTCLASS>
  <ISCOSTCENTRE>false</ISCOSTCENTRE>
  <ISINVOICE>false</ISINVOICE>
  <VOUCHERNUMBER>4</VOUCHERNUMBER>
  <ISOPTIONAL>false</ISOPTIONAL>
  <NARRATION>Being transportation charges on purchases.</NARRATION>
  <VOUCHERNUMBERSERIES>Default</VOUCHERNUMBERSERIES>
  <GSTREGISTRATION>Not Applicable</GSTREGISTRATION>
  <ISCANCELLED>false</ISCANCELLED>
  <OVRDNEWAYBILLAPPLICABILITY>false</OVRDNEWAYBILLAPPLICABILITY>
  <ALLLEDGERENTRIES.LIST>
   <INDEXNUMBER>1</INDEXNUMBER>
   <LEDGERNAME>Carriage Inwards</LEDGERNAME>
   <VCHLEDGERTYPE>Others</VCHLEDGERTYPE>
   <ISDEEMEDPOSITIVE>true</ISDEEMEDPOSITIVE>
   <ISPARTYLEDGER>false</ISPARTYLEDGER>
   <AMOUNT>
    <AMOUNT>1250</AMOUNT>
    <CURRENCY>₹</CURRENCY>
    <FOREXSYMBOL>- * -</FOREXSYMBOL>
    <ISDEBIT>true</ISDEBIT>
   </AMOUNT>
  </ALLLEDGERENTRIES.LIST>
  <ALLLEDGERENTRIES.LIST>
   <INDEXNUMBER>2</INDEXNUMBER>
   <LEDGERNAME>Pee Jee  Transports</LEDGERNAME>
   <VCHLEDGERTYPE>Others</VCHLEDGERTYPE>
   <ISDEEMEDPOSITIVE>false</ISDEEMEDPOSITIVE>
   <ISPARTYLEDGER>true</ISPARTYLEDGER>
   <AMOUNT>
    <AMOUNT>1250</AMOUNT>
    <CURRENCY>₹</CURRENCY>
    <FOREXSYMBOL>- * -</FOREXSYMBOL>
    <ISDEBIT>false</ISDEBIT>
   </AMOUNT>
   <BILLALLOCATIONS.LIST>
    <BILLTYPE>NewRef</BILLTYPE>
    <NAME>PJT/12</NAME>
    <BILLCREDITPERIOD>
     <DUEONDATE>2016-05-30</DUEONDATE>
     <INDAYS>30</INDAYS>
     <INTEXT>30 Days</INTEXT>
    </BILLCREDITPERIOD>
    <AMOUNT>
     <AMOUNT>1250</AMOUNT>
     <CURRENCY>₹</CURRENCY>
     <FOREXSYMBOL>- * -</FOREXSYMBOL>
     <ISDEBIT>false</ISDEBIT>
    </AMOUNT>
   </BILLALLOCATIONS.LIST>
  </ALLLEDGERENTRIES.LIST>
 </VOUCHER>
 <VOUCHER>
  <GUID>52889497-5b6b-403d-8f83-224e3c7759b4-00000046</GUID>
  <REMOTEALTGUID>52889497-5b6b-403d-8f83-224e3c7759b4</REMOTEALTGUID>
  <MASTERID>70</MASTERID>
  <ALTERID>7330</ALTERID>
  <ENTEREDBY>A</ENTEREDBY>
  <DATE>2016-04-30</DATE>
  <EFFECTIVEDATE>2016-04-30</EFFECTIVEDATE>
  <VOUCHERTYPENAME>Journal</VOUCHERTYPENAME>
  <PERSISTEDVIEW>AccountingVoucherView</PERSISTEDVIEW>
  <VCHGSTCLASS>Not Applicable</VCHGSTCLASS>
  <ISCOSTCENTRE>false</ISCOSTCENTRE>
  <ISINVOICE>false</ISINVOICE>
  <VOUCHERNUMBER>5</VOUCHERNUMBER>
  <ISOPTIONAL>false</ISOPTIONAL>
  <NARRATION>Being Transportation charges due for the month of Apr`07</NARRATION>
  <VOUCHERNUMBERSERIES>Default</VOUCHERNUMBERSERIES>
  <GSTREGISTRATION>Not Applicable</GSTREGISTRATION>
  <ISCANCELLED>false</ISCANCELLED>
  <OVRDNEWAYBILLAPPLICABILITY>false</OVRDNEWAYBILLAPPLICABILITY>
  <ALLLEDGERENTRIES.LIST>
   <INDEXNUMBER>1</INDEXNUMBER>
   <LEDGERNAME>Transportation &amp; Packaging</LEDGERNAME>
   <VCHLEDGERTYPE>Others</VCHLEDGERTYPE>
   <ISDEEMEDPOSITIVE>true</ISDEEMEDPOSITIVE>
   <ISPARTYLEDGER>false</ISPARTYLEDGER>
   <AMOUNT>
    <AMOUNT>8000</AMOUNT>
    <CURRENCY>₹</CURRENCY>
    <FOREXSYMBOL>- * -</FOREXSYMBOL>
    <ISDEBIT>true</ISDEBIT>
   </AMOUNT>
  </ALLLEDGERENTRIES.LIST>
  <ALLLEDGERENTRIES.LIST>
   <INDEXNUMBER>2</INDEXNUMBER>
   <LEDGERNAME>Jet Roadways (P) Ltd.,</LEDGERNAME>
   <VCHLEDGERTYPE>Others</VCHLEDGERTYPE>
   <ISDEEMEDPOSITIVE>false</ISDEEMEDPOSITIVE>
   <ISPARTYLEDGER>true</ISPARTYLEDGER>
   <AMOUNT>
    <AMOUNT>8000</AMOUNT>
    <CURRENCY>₹</CURRENCY>
    <FOREXSYMBOL>- * -</FOREXSYMBOL>
    <ISDEBIT>false</ISDEBIT>
   </AMOUNT>
   <BILLALLOCATIONS.LIST>
    <BILLTYPE>NewRef</BILLTYPE>
    <NAME>179</NAME>
    <AMOUNT>
     <AMOUNT>8000</AMOUNT>
     <CURRENCY>₹</CURRENCY>
     <FOREXSYMBOL>- * -</FOREXSYMBOL>
     <ISDEBIT>false</ISDEBIT>
    </AMOUNT>
   </BILLALLOCATIONS.LIST>
  </ALLLEDGERENTRIES.LIST>
 </VOUCHER>
 <VOUCHER>
  <GUID>52889497-5b6b-403d-8f83-224e3c7759b4-000012a4</GUID>
  <REMOTEALTGUID>52889497-5b6b-403d-8f83-224e3c7759b4</REMOTEALTGUID>
  <MASTERID>4772</MASTERID>
  <ALTERID>7341</ALTERID>
  <ENTEREDBY>A</ENTEREDBY>
  <DATE>2016-04-30</DATE>
  <EFFECTIVEDATE>2016-04-30</EFFECTIVEDATE>
  <VOUCHERTYPENAME>Journal</VOUCHERTYPENAME>
  <PERSISTEDVIEW>AccountingVoucherView</PERSISTEDVIEW>
  <VCHGSTCLASS>Not Applicable</VCHGSTCLASS>
  <ISCOSTCENTRE>false</ISCOSTCENTRE>
  <ISINVOICE>false</ISINVOICE>
  <VOUCHERNUMBER>6</VOUCHERNUMBER>
  <ISOPTIONAL>false</ISOPTIONAL>
  <VOUCHERNUMBERSERIES>Default</VOUCHERNUMBERSERIES>
  <GSTREGISTRATION>Not Applicable</GSTREGISTRATION>
  <ISCANCELLED>false</ISCANCELLED>
  <OVRDNEWAYBILLAPPLICABILITY>false</OVRDNEWAYBILLAPPLICABILITY>
  <ALLLEDGERENTRIES.LIST>
   <INDEXNUMBER>1</INDEXNUMBER>
   <LEDGERNAME>PF Admin Expense</LEDGERNAME>
   <VCHLEDGERTYPE>Others</VCHLEDGERTYPE>
   <ISDEEMEDPOSITIVE>true</ISDEEMEDPOSITIVE>
   <ISPARTYLEDGER>false</ISPARTYLEDGER>
   <AMOUNT>
    <AMOUNT>179.91</AMOUNT>
    <CURRENCY>₹</CURRENCY>
    <FOREXSYMBOL>- * -</FOREXSYMBOL>
    <ISDEBIT>true</ISDEBIT>
   </AMOUNT>
  </ALLLEDGERENTRIES.LIST>
  <ALLLEDGERENTRIES.LIST>
   <INDEXNUMBER>2</INDEXNUMBER>
   <LEDGERNAME>PF Admin Charges @ 1.10%</LEDGERNAME>
   <VCHLEDGERTYPE>Others</VCHLEDGERTYPE>
   <ISDEEMEDPOSITIVE>false</ISDEEMEDPOSITIVE>
   <ISPARTYLEDGER>false</ISPARTYLEDGER>
   <AMOUNT>
    <AMOUNT>172.34</AMOUNT>
    <CURRENCY>₹</CURRENCY>
    <FOREXSYMBOL>- * -</FOREXSYMBOL>
    <ISDEBIT>false</ISDEBIT>
   </AMOUNT>
  </ALLLEDGERENTRIES.LIST>
  <ALLLEDGERENTRIES.LIST>
   <INDEXNUMBER>3</INDEXNUMBER>
   <LEDGERNAME>DLI Contribution @ 0.5%</LEDGERNAME>
   <VCHLEDGERTYPE>Others</VCHLEDGERTYPE>
   <ISDEEMEDPOSITIVE>false</ISDEEMEDPOSITIVE>
   <ISPARTYLEDGER>false</ISPARTYLEDGER>
   <AMOUNT>
    <AMOUNT>6</AMOUNT>
    <CURRENCY>₹</CURRENCY>
    <FOREXSYMBOL>- * -</FOREXSYMBOL>
    <ISDEBIT>false</ISDEBIT>
   </AMOUNT>
  </ALLLEDGERENTRIES.LIST>
  <ALLLEDGERENTRIES.LIST>
   <INDEXNUMBER>4</INDEXNUMBER>
   <LEDGERNAME>EDLI Admin Charges @ 0.01%</LEDGERNAME>
   <VCHLEDGERTYPE>Others</VCHLEDGERTYPE>
   <ISDEEMEDPOSITIVE>false</ISDEEMEDPOSITIVE>
   <ISPARTYLEDGER>false</ISPARTYLEDGER>
   <AMOUNT>
    <AMOUNT>1.57</AMOUNT>
    <CURRENCY>₹</CURRENCY>
    <FOREXSYMBOL>- * -</FOREXSYMBOL>
    <ISDEBIT>false</ISDEBIT>
   </AMOUNT>
  </ALLLEDGERENTRIES.LIST>
 </VOUCHER>
 <VOUCHER>
  <GUID>52889497-5b6b-403d-8f83-224e3c7759b4-0000005d</GUID>
  <REMOTEALTGUID>52889497-5b6b-403d-8f83-224e3c7759b4</REMOTEALTGUID>
  <MASTERID>93</MASTERID>
  <ALTERID>7349</ALTERID>
  <ENTEREDBY>A</ENTEREDBY>
  <DATE>2016-05-01</DATE>
  <EFFECTIVEDATE>2016-05-01</EFFECTIVEDATE>
  <VOUCHERTYPENAME>Journal</VOUCHERTYPENAME>
  <PERSISTEDVIEW>AccountingVoucherView</PERSISTEDVIEW>
  <VCHGSTCLASS>Not Applicable</VCHGSTCLASS>
  <ISCOSTCENTRE>false</ISCOSTCENTRE>
  <ISINVOICE>false</ISINVOICE>
  <VOUCHERNUMBER>7</VOUCHERNUMBER>
  <ISOPTIONAL>false</ISOPTIONAL>
  <NARRATION>Being Entrance fees paid to &apos;The League Club&apos; on 01.05.07</NARRATION>
  <VOUCHERNUMBERSERIES>Default</VOUCHERNUMBERSERIES>
  <GSTREGISTRATION>Not Applicable</GSTREGISTRATION>
  <ISCANCELLED>false</ISCANCELLED>
  <OVRDNEWAYBILLAPPLICABILITY>false</OVRDNEWAYBILLAPPLICABILITY>
  <ALLLEDGERENTRIES.LIST>
   <INDEXNUMBER>1</INDEXNUMBER>
   <LEDGERNAME>Miscellaneous Expenses</LEDGERNAME>
   <VCHLEDGERTYPE>Others</VCHLEDGERTYPE>
   <ISDEEMEDPOSITIVE>true</ISDEEMEDPOSITIVE>
   <ISPARTYLEDGER>false</ISPARTYLEDGER>
   <AMOUNT>
    <AMOUNT>5000</AMOUNT>
    <CURRENCY>₹</CURRENCY>
    <FOREXSYMBOL>- * -</FOREXSYMBOL>
    <ISDEBIT>true</ISDEBIT>
   </AMOUNT>
  </ALLLEDGERENTRIES.LIST>
  <ALLLEDGERENTRIES.LIST>
   <INDEXNUMBER>2</INDEXNUMBER>
   <LEDGERNAME>The League Club</LEDGERNAME>
   <VCHLEDGERTYPE>Others</VCHLEDGERTYPE>
   <ISDEEMEDPOSITIVE>false</ISDEEMEDPOSITIVE>
   <ISPARTYLEDGER>true</ISPARTYLEDGER>
   <AMOUNT>
    <AMOUNT>5000</AMOUNT>
    <CURRENCY>₹</CURRENCY>
    <FOREXSYMBOL>- * -</FOREXSYMBOL>
    <ISDEBIT>false</ISDEBIT>
   </AMOUNT>
   <BILLALLOCATIONS.LIST>
    <BILLTYPE>AgstRef</BILLTYPE>
    <NAME>TCB/13026</NAME>
    <AMOUNT>
     <AMOUNT>5000</AMOUNT>
     <CURRENCY>₹</CURRENCY>
     <FOREXSYMBOL>- * -</FOREXSYMBOL>
     <ISDEBIT>false</ISDEBIT>
    </AMOUNT>
   </BILLALLOCATIONS.LIST>
  </ALLLEDGERENTRIES.LIST>
 </VOUCHER>
 <VOUCHER>
  <GUID>52889497-5b6b-403d-8f83-224e3c7759b4-00000060</GUID>
  <REMOTEALTGUID>52889497-5b6b-403d-8f83-224e3c7759b4</REMOTEALTGUID>
  <MASTERID>96</MASTERID>
  <ALTERID>7362</ALTERID>
  <ENTEREDBY>A</ENTEREDBY>
  <DATE>2016-05-02</DATE>
  <EFFECTIVEDATE>2016-05-02</EFFECTIVEDATE>
  <VOUCHERTYPENAME>Journal</VOUCHERTYPENAME>
  <PERSISTEDVIEW>AccountingVoucherView</PERSISTEDVIEW>
  <VCHGSTCLASS>Not Applicable</VCHGSTCLASS>
  <ISCOSTCENTRE>false</ISCOSTCENTRE>
  <ISINVOICE>false</ISINVOICE>
  <VOUCHERNUMBER>8</VOUCHERNUMBER>
  <ISOPTIONAL>false</ISOPTIONAL>
  <NARRATION>Being computers - 2 Nos Pentium PIV Dell purchased for office.</NARRATION>
  <VOUCHERNUMBERSERIES>Default</VOUCHERNUMBERSERIES>
  <GSTREGISTRATION>Not Applicable</GSTREGISTRATION>
  <ISCANCELLED>false</ISCANCELLED>
  <OVRDNEWAYBILLAPPLICABILITY>false</OVRDNEWAYBILLAPPLICABILITY>
  <ALLLEDGERENTRIES.LIST>
   <INDEXNUMBER>1</INDEXNUMBER>
   <LEDGERNAME>Computers &amp; Peripherals</LEDGERNAME>
   <VCHLEDGERTYPE>Others</VCHLEDGERTYPE>
   <ISDEEMEDPOSITIVE>true</ISDEEMEDPOSITIVE>
   <ISPARTYLEDGER>false</ISPARTYLEDGER>
   <AMOUNT>
    <AMOUNT>90460</AMOUNT>
    <CURRENCY>₹</CURRENCY>
    <FOREXSYMBOL>- * -</FOREXSYMBOL>
    <ISDEBIT>true</ISDEBIT>
   </AMOUNT>
  </ALLLEDGERENTRIES.LIST>
  <ALLLEDGERENTRIES.LIST>
   <INDEXNUMBER>2</INDEXNUMBER>
   <LEDGERNAME>Computer Point</LEDGERNAME>
   <VCHLEDGERTYPE>Others</VCHLEDGERTYPE>
   <ISDEEMEDPOSITIVE>false</ISDEEMEDPOSITIVE>
   <ISPARTYLEDGER>true</ISPARTYLEDGER>
   <AMOUNT>
    <AMOUNT>90460</AMOUNT>
    <CURRENCY>₹</CURRENCY>
    <FOREXSYMBOL>- * -</FOREXSYMBOL>
    <ISDEBIT>false</ISDEBIT>
   </AMOUNT>
   <BILLALLOCATIONS.LIST>
    <BILLTYPE>NewRef</BILLTYPE>
    <NAME>CP/0132</NAME>
    <AMOUNT>
     <AMOUNT>90460</AMOUNT>
     <CURRENCY>₹</CURRENCY>
     <FOREXSYMBOL>- * -</FOREXSYMBOL>
     <ISDEBIT>false</ISDEBIT>
    </AMOUNT>
   </BILLALLOCATIONS.LIST>
  </ALLLEDGERENTRIES.LIST>
 </VOUCHER>
 <VOUCHER>
  <GUID>52889497-5b6b-403d-8f83-224e3c7759b4-0000007c</GUID>
  <REMOTEALTGUID>52889497-5b6b-403d-8f83-224e3c7759b4</REMOTEALTGUID>
  <MASTERID>124</MASTERID>
  <ALTERID>7393</ALTERID>
  <ENTEREDBY>A</ENTEREDBY>
  <DATE>2016-05-10</DATE>
  <EFFECTIVEDATE>2016-05-10</EFFECTIVEDATE>
  <VOUCHERTYPENAME>Journal</VOUCHERTYPENAME>
  <PERSISTEDVIEW>AccountingVoucherView</PERSISTEDVIEW>
  <VCHGSTCLASS>Not Applicable</VCHGSTCLASS>
  <ISCOSTCENTRE>false</ISCOSTCENTRE>
  <ISINVOICE>false</ISINVOICE>
  <VOUCHERNUMBER>9</VOUCHERNUMBER>
  <ISOPTIONAL>false</ISOPTIONAL>
  <NARRATION>Being subscription charges for the period from 10.05.07 to 10.05.08.</NARRATION>
  <VOUCHERNUMBERSERIES>Default</VOUCHERNUMBERSERIES>
  <GSTREGISTRATION>Not Applicable</GSTREGISTRATION>
  <ISCANCELLED>false</ISCANCELLED>
  <OVRDNEWAYBILLAPPLICABILITY>false</OVRDNEWAYBILLAPPLICABILITY>
  <ALLLEDGERENTRIES.LIST>
   <INDEXNUMBER>1</INDEXNUMBER>
   <LEDGERNAME>Subscriptions</LEDGERNAME>
   <VCHLEDGERTYPE>Others</VCHLEDGERTYPE>
   <ISDEEMEDPOSITIVE>true</ISDEEMEDPOSITIVE>
   <ISPARTYLEDGER>false</ISPARTYLEDGER>
   <AMOUNT>
    <AMOUNT>25000</AMOUNT>
    <CURRENCY>₹</CURRENCY>
    <FOREXSYMBOL>- * -</FOREXSYMBOL>
    <ISDEBIT>true</ISDEBIT>
   </AMOUNT>
  </ALLLEDGERENTRIES.LIST>
  <ALLLEDGERENTRIES.LIST>
   <INDEXNUMBER>2</INDEXNUMBER>
   <LEDGERNAME>The League Club</LEDGERNAME>
   <VCHLEDGERTYPE>Others</VCHLEDGERTYPE>
   <ISDEEMEDPOSITIVE>false</ISDEEMEDPOSITIVE>
   <ISPARTYLEDGER>true</ISPARTYLEDGER>
   <AMOUNT>
    <AMOUNT>25000</AMOUNT>
    <CURRENCY>₹</CURRENCY>
    <FOREXSYMBOL>- * -</FOREXSYMBOL>
    <ISDEBIT>false</ISDEBIT>
   </AMOUNT>
   <BILLALLOCATIONS.LIST>
    <BILLTYPE>NewRef</BILLTYPE>
    <NAME>TCB/15027</NAME>
    <AMOUNT>
     <AMOUNT>25000</AMOUNT>
     <CURRENCY>₹</CURRENCY>
     <FOREXSYMBOL>- * -</FOREXSYMBOL>
     <ISDEBIT>false</ISDEBIT>
    </AMOUNT>
   </BILLALLOCATIONS.LIST>
  </ALLLEDGERENTRIES.LIST>
 </VOUCHER>
 <VOUCHER>
  <GUID>52889497-5b6b-403d-8f83-224e3c7759b4-00000087</GUID>
  <REMOTEALTGUID>52889497-5b6b-403d-8f83-224e3c7759b4</REMOTEALTGUID>
  <MASTERID>135</MASTERID>
  <ALTERID>7410</ALTERID>
  <ENTEREDBY>A</ENTEREDBY>
  <DATE>2016-05-17</DATE>
  <EFFECTIVEDATE>2016-05-17</EFFECTIVEDATE>
  <VOUCHERTYPENAME>Journal</VOUCHERTYPENAME>
  <PERSISTEDVIEW>AccountingVoucherView</PERSISTEDVIEW>
  <VCHGSTCLASS>Not Applicable</VCHGSTCLASS>
  <ISCOSTCENTRE>false</ISCOSTCENTRE>
  <ISINVOICE>false</ISINVOICE>
  <VOUCHERNUMBER>10</VOUCHERNUMBER>
  <ISOPTIONAL>false</ISOPTIONAL>
  <NARRATION>Being Office Furnitures &amp; Fixtures purchased from Damro Furniture (P) Ltd., vide B.No. DF/512 dt. 17.05.07.</NARRATION>
  <VOUCHERNUMBERSERIES>Default</VOUCHERNUMBERSERIES>
  <GSTREGISTRATION>Not Applicable</GSTREGISTRATION>
  <ISCANCELLED>false</ISCANCELLED>
  <OVRDNEWAYBILLAPPLICABILITY>false</OVRDNEWAYBILLAPPLICABILITY>
  <ALLLEDGERENTRIES.LIST>
   <INDEXNUMBER>1</INDEXNUMBER>
   <LEDGERNAME>Furniture &amp; Fixtures</LEDGERNAME>
   <VCHLEDGERTYPE>Others</VCHLEDGERTYPE>
   <ISDEEMEDPOSITIVE>true</ISDEEMEDPOSITIVE>
   <ISPARTYLEDGER>false</ISPARTYLEDGER>
   <AMOUNT>
    <AMOUNT>125000</AMOUNT>
    <CURRENCY>₹</CURRENCY>
    <FOREXSYMBOL>- * -</FOREXSYMBOL>
    <ISDEBIT>true</ISDEBIT>
   </AMOUNT>
  </ALLLEDGERENTRIES.LIST>
  <ALLLEDGERENTRIES.LIST>
   <INDEXNUMBER>2</INDEXNUMBER>
   <LEDGERNAME>Damro Furniture (P) Ltd.,</LEDGERNAME>
   <VCHLEDGERTYPE>Others</VCHLEDGERTYPE>
   <ISDEEMEDPOSITIVE>false</ISDEEMEDPOSITIVE>
   <ISPARTYLEDGER>true</ISPARTYLEDGER>
   <AMOUNT>
    <AMOUNT>125000</AMOUNT>
    <CURRENCY>₹</CURRENCY>
    <FOREXSYMBOL>- * -</FOREXSYMBOL>
    <ISDEBIT>false</ISDEBIT>
   </AMOUNT>
   <BILLALLOCATIONS.LIST>
    <BILLTYPE>NewRef</BILLTYPE>
    <NAME>DF/512</NAME>
    <AMOUNT>
     <AMOUNT>125000</AMOUNT>
     <CURRENCY>₹</CURRENCY>
     <FOREXSYMBOL>- * -</FOREXSYMBOL>
     <ISDEBIT>false</ISDEBIT>
    </AMOUNT>
   </BILLALLOCATIONS.LIST>
  </ALLLEDGERENTRIES.LIST>
 </VOUCHER>
 <VOUCHER>
  <GUID>52889497-5b6b-403d-8f83-224e3c7759b4-00000095</GUID>
  <REMOTEALTGUID>52889497-5b6b-403d-8f83-224e3c7759b4</REMOTEALTGUID>
  <MASTERID>149</MASTERID>
  <ALTERID>7431</ALTERID>
  <ENTEREDBY>A</ENTEREDBY>
  <DATE>2016-05-28</DATE>
  <EFFECTIVEDATE>2016-05-28</EFFECTIVEDATE>
  <VOUCHERTYPENAME>Journal</VOUCHERTYPENAME>
  <PERSISTEDVIEW>AccountingVoucherView</PERSISTEDVIEW>
  <VCHGSTCLASS>Not Applicable</VCHGSTCLASS>
  <ISCOSTCENTRE>false</ISCOSTCENTRE>
  <ISINVOICE>false</ISINVOICE>
  <VOUCHERNUMBER>11</VOUCHERNUMBER>
  <ISOPTIONAL>false</ISOPTIONAL>
  <NARRATION>Being Vehicle overhauling &amp; servicing expenses.</NARRATION>
  <VOUCHERNUMBERSERIES>Default</VOUCHERNUMBERSERIES>
  <GSTREGISTRATION>Not Applicable</GSTREGISTRATION>
  <ISCANCELLED>false</ISCANCELLED>
  <OVRDNEWAYBILLAPPLICABILITY>false</OVRDNEWAYBILLAPPLICABILITY>
  <ALLLEDGERENTRIES.LIST>
   <INDEXNUMBER>1</INDEXNUMBER>
   <LEDGERNAME>Vehicle Repairs &amp; Maintenance</LEDGERNAME>
   <VCHLEDGERTYPE>Others</VCHLEDGERTYPE>
   <ISDEEMEDPOSITIVE>true</ISDEEMEDPOSITIVE>
   <ISPARTYLEDGER>false</ISPARTYLEDGER>
   <AMOUNT>
    <AMOUNT>7890</AMOUNT>
    <CURRENCY>₹</CURRENCY>
    <FOREXSYMBOL>- * -</FOREXSYMBOL>
    <ISDEBIT>true</ISDEBIT>
   </AMOUNT>
  </ALLLEDGERENTRIES.LIST>
  <ALLLEDGERENTRIES.LIST>
   <INDEXNUMBER>2</INDEXNUMBER>
   <LEDGERNAME>Maruti Udyog Service Centre</LEDGERNAME>
   <VCHLEDGERTYPE>Others</VCHLEDGERTYPE>
   <ISDEEMEDPOSITIVE>false</ISDEEMEDPOSITIVE>
   <ISPARTYLEDGER>true</ISPARTYLEDGER>
   <AMOUNT>
    <AMOUNT>7890</AMOUNT>
    <CURRENCY>₹</CURRENCY>
    <FOREXSYMBOL>- * -</FOREXSYMBOL>
    <ISDEBIT>false</ISDEBIT>
   </AMOUNT>
   <BILLALLOCATIONS.LIST>
    <BILLTYPE>NewRef</BILLTYPE>
    <NAME>717</NAME>
    <AMOUNT>
     <AMOUNT>7890</AMOUNT>
     <CURRENCY>₹</CURRENCY>
     <FOREXSYMBOL>- * -</FOREXSYMBOL>
     <ISDEBIT>false</ISDEBIT>
    </AMOUNT>
   </BILLALLOCATIONS.LIST>
  </ALLLEDGERENTRIES.LIST>
 </VOUCHER>
 <VOUCHER>
  <GUID>52889497-5b6b-403d-8f83-224e3c7759b4-0000009f</GUID>
  <REMOTEALTGUID>52889497-5b6b-403d-8f83-224e3c7759b4</REMOTEALTGUID>
  <MASTERID>159</MASTERID>
  <ALTERID>7440</ALTERID>
  <ENTEREDBY>A</ENTEREDBY>
  <DATE>2016-05-31</DATE>
  <EFFECTIVEDATE>2016-05-31</EFFECTIVEDATE>
  <VOUCHERTYPENAME>Journal</VOUCHERTYPENAME>
  <PERSISTEDVIEW>AccountingVoucherView</PERSISTEDVIEW>
  <VCHGSTCLASS>Not Applicable</VCHGSTCLASS>
  <ISCOSTCENTRE>false</ISCOSTCENTRE>
  <ISINVOICE>false</ISINVOICE>
  <VOUCHERNUMBER>12</VOUCHERNUMBER>
  <ISOPTIONAL>false</ISOPTIONAL>
  <NARRATION>Being Petrol Expenses for May`08.</NARRATION>
  <VOUCHERNUMBERSERIES>Default</VOUCHERNUMBERSERIES>
  <GSTREGISTRATION>Not Applicable</GSTREGISTRATION>
  <ISCANCELLED>false</ISCANCELLED>
  <OVRDNEWAYBILLAPPLICABILITY>false</OVRDNEWAYBILLAPPLICABILITY>
  <ALLLEDGERENTRIES.LIST>
   <INDEXNUMBER>1</INDEXNUMBER>
   <LEDGERNAME>Petrol Expenses</LEDGERNAME>
   <VCHLEDGERTYPE>Others</VCHLEDGERTYPE>
   <ISDEEMEDPOSITIVE>true</ISDEEMEDPOSITIVE>
   <ISPARTYLEDGER>false</ISPARTYLEDGER>
   <AMOUNT>
    <AMOUNT>3250</AMOUNT>
    <CURRENCY>₹</CURRENCY>
    <FOREXSYMBOL>- * -</FOREXSYMBOL>
    <ISDEBIT>true</ISDEBIT>
   </AMOUNT>
  </ALLLEDGERENTRIES.LIST>
  <ALLLEDGERENTRIES.LIST>
   <INDEXNUMBER>2</INDEXNUMBER>
   <LEDGERNAME>Bharat Petroleum</LEDGERNAME>
   <VCHLEDGERTYPE>Others</VCHLEDGERTYPE>
   <ISDEEMEDPOSITIVE>false</ISDEEMEDPOSITIVE>
   <ISPARTYLEDGER>true</ISPARTYLEDGER>
   <AMOUNT>
    <AMOUNT>3250</AMOUNT>
    <CURRENCY>₹</CURRENCY>
    <FOREXSYMBOL>- * -</FOREXSYMBOL>
    <ISDEBIT>false</ISDEBIT>
   </AMOUNT>
   <BILLALLOCATIONS.LIST>
    <BILLTYPE>NewRef</BILLTYPE>
    <NAME>125</NAME>
    <AMOUNT>
     <AMOUNT>3250</AMOUNT>
     <CURRENCY>₹</CURRENCY>
     <FOREXSYMBOL>- * -</FOREXSYMBOL>
     <ISDEBIT>false</ISDEBIT>
    </AMOUNT>
   </BILLALLOCATIONS.LIST>
  </ALLLEDGERENTRIES.LIST>
 </VOUCHER>
 <VOUCHER>
  <GUID>52889497-5b6b-403d-8f83-224e3c7759b4-000000a0</GUID>
  <REMOTEALTGUID>52889497-5b6b-403d-8f83-224e3c7759b4</REMOTEALTGUID>
  <MASTERID>160</MASTERID>
  <ALTERID>7441</ALTERID>
  <ENTEREDBY>A</ENTEREDBY>
  <DATE>2016-05-31</DATE>
  <EFFECTIVEDATE>2016-05-31</EFFECTIVEDATE>
  <VOUCHERTYPENAME>Journal</VOUCHERTYPENAME>
  <PERSISTEDVIEW>AccountingVoucherView</PERSISTEDVIEW>
  <VCHGSTCLASS>Not Applicable</VCHGSTCLASS>
  <ISCOSTCENTRE>false</ISCOSTCENTRE>
  <ISINVOICE>false</ISINVOICE>
  <VOUCHERNUMBER>13</VOUCHERNUMBER>
  <ISOPTIONAL>false</ISOPTIONAL>
  <NARRATION>Being transportation charges on purchases.</NARRATION>
  <VOUCHERNUMBERSERIES>Default</VOUCHERNUMBERSERIES>
  <GSTREGISTRATION>Not Applicable</GSTREGISTRATION>
  <ISCANCELLED>false</ISCANCELLED>
  <OVRDNEWAYBILLAPPLICABILITY>false</OVRDNEWAYBILLAPPLICABILITY>
  <ALLLEDGERENTRIES.LIST>
   <INDEXNUMBER>1</INDEXNUMBER>
   <LEDGERNAME>Carriage Inwards</LEDGERNAME>
   <VCHLEDGERTYPE>Others</VCHLEDGERTYPE>
   <ISDEEMEDPOSITIVE>true</ISDEEMEDPOSITIVE>
   <ISPARTYLEDGER>false</ISPARTYLEDGER>
   <AMOUNT>
    <AMOUNT>1250</AMOUNT>
    <CURRENCY>₹</CURRENCY>
    <FOREXSYMBOL>- * -</FOREXSYMBOL>
    <ISDEBIT>true</ISDEBIT>
   </AMOUNT>
  </ALLLEDGERENTRIES.LIST>
  <ALLLEDGERENTRIES.LIST>
   <INDEXNUMBER>2</INDEXNUMBER>
   <LEDGERNAME>Pee Jee  Transports</LEDGERNAME>
   <VCHLEDGERTYPE>Others</VCHLEDGERTYPE>
   <ISDEEMEDPOSITIVE>false</ISDEEMEDPOSITIVE>
   <ISPARTYLEDGER>true</ISPARTYLEDGER>
   <AMOUNT>
    <AMOUNT>1250</AMOUNT>
    <CURRENCY>₹</CURRENCY>
    <FOREXSYMBOL>- * -</FOREXSYMBOL>
    <ISDEBIT>false</ISDEBIT>
   </AMOUNT>
   <BILLALLOCATIONS.LIST>
    <BILLTYPE>NewRef</BILLTYPE>
    <NAME>PJT/45</NAME>
    <BILLCREDITPERIOD>
     <DUEONDATE>2016-06-30</DUEONDATE>
     <INDAYS>30</INDAYS>
     <INTEXT>30 Days</INTEXT>
    </BILLCREDITPERIOD>
    <AMOUNT>
     <AMOUNT>1250</AMOUNT>
     <CURRENCY>₹</CURRENCY>
     <FOREXSYMBOL>- * -</FOREXSYMBOL>
     <ISDEBIT>false</ISDEBIT>
    </AMOUNT>
   </BILLALLOCATIONS.LIST>
  </ALLLEDGERENTRIES.LIST>
 </VOUCHER>
 <VOUCHER>
  <GUID>52889497-5b6b-403d-8f83-224e3c7759b4-000000a1</GUID>
  <REMOTEALTGUID>52889497-5b6b-403d-8f83-224e3c7759b4</REMOTEALTGUID>
  <MASTERID>161</MASTERID>
  <ALTERID>7442</ALTERID>
  <ENTEREDBY>A</ENTEREDBY>
  <DATE>2016-05-31</DATE>
  <EFFECTIVEDATE>2016-05-31</EFFECTIVEDATE>
  <VOUCHERTYPENAME>Journal</VOUCHERTYPENAME>
  <PERSISTEDVIEW>AccountingVoucherView</PERSISTEDVIEW>
  <VCHGSTCLASS>Not Applicable</VCHGSTCLASS>
  <ISCOSTCENTRE>false</ISCOSTCENTRE>
  <ISINVOICE>false</ISINVOICE>
  <VOUCHERNUMBER>14</VOUCHERNUMBER>
  <ISOPTIONAL>false</ISOPTIONAL>
  <NARRATION>Being Transportation charges due for the month of May`07</NARRATION>
  <VOUCHERNUMBERSERIES>Default</VOUCHERNUMBERSERIES>
  <GSTREGISTRATION>Not Applicable</GSTREGISTRATION>
  <ISCANCELLED>false</ISCANCELLED>
  <OVRDNEWAYBILLAPPLICABILITY>false</OVRDNEWAYBILLAPPLICABILITY>
  <ALLLEDGERENTRIES.LIST>
   <INDEXNUMBER>1</INDEXNUMBER>
   <LEDGERNAME>Transportation &amp; Packaging</LEDGERNAME>
   <VCHLEDGERTYPE>Others</VCHLEDGERTYPE>
   <ISDEEMEDPOSITIVE>true</ISDEEMEDPOSITIVE>
   <ISPARTYLEDGER>false</ISPARTYLEDGER>
   <AMOUNT>
    <AMOUNT>8500</AMOUNT>
    <CURRENCY>₹</CURRENCY>
    <FOREXSYMBOL>- * -</FOREXSYMBOL>
    <ISDEBIT>true</ISDEBIT>
   </AMOUNT>
  </ALLLEDGERENTRIES.LIST>
  <ALLLEDGERENTRIES.LIST>
   <INDEXNUMBER>2</INDEXNUMBER>
   <LEDGERNAME>Jet Roadways (P) Ltd.,</LEDGERNAME>
   <VCHLEDGERTYPE>Others</VCHLEDGERTYPE>
   <ISDEEMEDPOSITIVE>false</ISDEEMEDPOSITIVE>
   <ISPARTYLEDGER>true</ISPARTYLEDGER>
   <AMOUNT>
    <AMOUNT>8500</AMOUNT>
    <CURRENCY>₹</CURRENCY>
    <FOREXSYMBOL>- * -</FOREXSYMBOL>
    <ISDEBIT>false</ISDEBIT>
   </AMOUNT>
   <BILLALLOCATIONS.LIST>
    <BILLTYPE>NewRef</BILLTYPE>
    <NAME>235</NAME>
    <AMOUNT>
     <AMOUNT>8500</AMOUNT>
     <CURRENCY>₹</CURRENCY>
     <FOREXSYMBOL>- * -</FOREXSYMBOL>
     <ISDEBIT>false</ISDEBIT>
    </AMOUNT>
   </BILLALLOCATIONS.LIST>
  </ALLLEDGERENTRIES.LIST>
 </VOUCHER>
 <VOUCHER>
  <GUID>52889497-5b6b-403d-8f83-224e3c7759b4-000012c7</GUID>
  <REMOTEALTGUID>52889497-5b6b-403d-8f83-224e3c7759b4</REMOTEALTGUID>
  <MASTERID>4807</MASTERID>
  <ALTERID>7451</ALTERID>
  <ENTEREDBY>A</ENTEREDBY>
  <DATE>2016-05-31</DATE>
  <EFFECTIVEDATE>2016-05-31</EFFECTIVEDATE>
  <VOUCHERTYPENAME>Journal</VOUCHERTYPENAME>
  <PERSISTEDVIEW>AccountingVoucherView</PERSISTEDVIEW>
  <VCHGSTCLASS>Not Applicable</VCHGSTCLASS>
  <ISCOSTCENTRE>false</ISCOSTCENTRE>
  <ISINVOICE>false</ISINVOICE>
  <VOUCHERNUMBER>15</VOUCHERNUMBER>
  <ISOPTIONAL>false</ISOPTIONAL>
  <VOUCHERNUMBERSERIES>Default</VOUCHERNUMBERSERIES>
  <GSTREGISTRATION>Not Applicable</GSTREGISTRATION>
  <ISCANCELLED>false</ISCANCELLED>
  <OVRDNEWAYBILLAPPLICABILITY>false</OVRDNEWAYBILLAPPLICABILITY>
  <ALLLEDGERENTRIES.LIST>
   <INDEXNUMBER>1</INDEXNUMBER>
   <LEDGERNAME>PF Admin Expense</LEDGERNAME>
   <VCHLEDGERTYPE>Others</VCHLEDGERTYPE>
   <ISDEEMEDPOSITIVE>true</ISDEEMEDPOSITIVE>
   <ISPARTYLEDGER>false</ISPARTYLEDGER>
   <AMOUNT>
    <AMOUNT>314.19</AMOUNT>
    <CURRENCY>₹</CURRENCY>
    <FOREXSYMBOL>- * -</FOREXSYMBOL>
    <ISDEBIT>true</ISDEBIT>
   </AMOUNT>
  </ALLLEDGERENTRIES.LIST>
  <ALLLEDGERENTRIES.LIST>
   <INDEXNUMBER>2</INDEXNUMBER>
   <LEDGERNAME>PF Admin Charges @ 1.10%</LEDGERNAME>
   <VCHLEDGERTYPE>Others</VCHLEDGERTYPE>
   <ISDEEMEDPOSITIVE>false</ISDEEMEDPOSITIVE>
   <ISPARTYLEDGER>false</ISPARTYLEDGER>
   <AMOUNT>
    <AMOUNT>301.45</AMOUNT>
    <CURRENCY>₹</CURRENCY>
    <FOREXSYMBOL>- * -</FOREXSYMBOL>
    <ISDEBIT>false</ISDEBIT>
   </AMOUNT>
  </ALLLEDGERENTRIES.LIST>
  <ALLLEDGERENTRIES.LIST>
   <INDEXNUMBER>3</INDEXNUMBER>
   <LEDGERNAME>DLI Contribution @ 0.5%</LEDGERNAME>
   <VCHLEDGERTYPE>Others</VCHLEDGERTYPE>
   <ISDEEMEDPOSITIVE>false</ISDEEMEDPOSITIVE>
   <ISPARTYLEDGER>false</ISPARTYLEDGER>
   <AMOUNT>
    <AMOUNT>10</AMOUNT>
    <CURRENCY>₹</CURRENCY>
    <FOREXSYMBOL>- * -</FOREXSYMBOL>
    <ISDEBIT>false</ISDEBIT>
   </AMOUNT>
  </ALLLEDGERENTRIES.LIST>
  <ALLLEDGERENTRIES.LIST>
   <INDEXNUMBER>4</INDEXNUMBER>
   <LEDGERNAME>EDLI Admin Charges @ 0.01%</LEDGERNAME>
   <VCHLEDGERTYPE>Others</VCHLEDGERTYPE>
   <ISDEEMEDPOSITIVE>false</ISDEEMEDPOSITIVE>
   <ISPARTYLEDGER>false</ISPARTYLEDGER>
   <AMOUNT>
    <AMOUNT>2.74</AMOUNT>
    <CURRENCY>₹</CURRENCY>
    <FOREXSYMBOL>- * -</FOREXSYMBOL>
    <ISDEBIT>false</ISDEBIT>
   </AMOUNT>
  </ALLLEDGERENTRIES.LIST>
 </VOUCHER>
 <VOUCHER>
  <GUID>52889497-5b6b-403d-8f83-224e3c7759b4-000000d9</GUID>
  <REMOTEALTGUID>52889497-5b6b-403d-8f83-224e3c7759b4</REMOTEALTGUID>
  <MASTERID>217</MASTERID>
  <ALTERID>7541</ALTERID>
  <ENTEREDBY>A</ENTEREDBY>
  <DATE>2016-06-24</DATE>
  <EFFECTIVEDATE>2016-06-24</EFFECTIVEDATE>
  <VOUCHERTYPENAME>Journal</VOUCHERTYPENAME>
  <PERSISTEDVIEW>AccountingVoucherView</PERSISTEDVIEW>
  <VCHGSTCLASS>Not Applicable</VCHGSTCLASS>
  <ISCOSTCENTRE>false</ISCOSTCENTRE>
  <ISINVOICE>false</ISINVOICE>
  <VOUCHERNUMBER>16</VOUCHERNUMBER>
  <ISOPTIONAL>false</ISOPTIONAL>
  <NARRATION>delhi-bangalore-delhi air ticket paid to air deccan paid through Credit Card on his personal tour</NARRATION>
  <VOUCHERNUMBERSERIES>Default</VOUCHERNUMBERSERIES>
  <GSTREGISTRATION>Not Applicable</GSTREGISTRATION>
  <ISCANCELLED>false</ISCANCELLED>
  <OVRDNEWAYBILLAPPLICABILITY>false</OVRDNEWAYBILLAPPLICABILITY>
  <ALLLEDGERENTRIES.LIST>
   <INDEXNUMBER>1</INDEXNUMBER>
   <LEDGERNAME>Travelling &amp; Conveyance</LEDGERNAME>
   <VCHLEDGERTYPE>Others</VCHLEDGERTYPE>
   <ISDEEMEDPOSITIVE>true</ISDEEMEDPOSITIVE>
   <ISPARTYLEDGER>false</ISPARTYLEDGER>
   <AMOUNT>
    <AMOUNT>4950</AMOUNT>
    <CURRENCY>₹</CURRENCY>
    <FOREXSYMBOL>- * -</FOREXSYMBOL>
    <ISDEBIT>true</ISDEBIT>
   </AMOUNT>
  </ALLLEDGERENTRIES.LIST>
  <ALLLEDGERENTRIES.LIST>
   <INDEXNUMBER>2</INDEXNUMBER>
   <LEDGERNAME>HDFC Silver Credit Card</LEDGERNAME>
   <VCHLEDGERTYPE>Others</VCHLEDGERTYPE>
   <ISDEEMEDPOSITIVE>false</ISDEEMEDPOSITIVE>
   <ISPARTYLEDGER>false</ISPARTYLEDGER>
   <AMOUNT>
    <AMOUNT>4950</AMOUNT>
    <CURRENCY>₹</CURRENCY>
    <FOREXSYMBOL>- * -</FOREXSYMBOL>
    <ISDEBIT>false</ISDEBIT>
   </AMOUNT>
  </ALLLEDGERENTRIES.LIST>
 </VOUCHER>
 <VOUCHER>
  <GUID>52889497-5b6b-403d-8f83-224e3c7759b4-000000da</GUID>
  <REMOTEALTGUID>52889497-5b6b-403d-8f83-224e3c7759b4</REMOTEALTGUID>
  <MASTERID>218</MASTERID>
  <ALTERID>7542</ALTERID>
  <ENTEREDBY>A</ENTEREDBY>
  <DATE>2016-06-24</DATE>
  <EFFECTIVEDATE>2016-06-24</EFFECTIVEDATE>
  <VOUCHERTYPENAME>Journal</VOUCHERTYPENAME>
  <PERSISTEDVIEW>AccountingVoucherView</PERSISTEDVIEW>
  <VCHGSTCLASS>Not Applicable</VCHGSTCLASS>
  <ISCOSTCENTRE>false</ISCOSTCENTRE>
  <ISINVOICE>false</ISINVOICE>
  <VOUCHERNUMBER>17</VOUCHERNUMBER>
  <ISOPTIONAL>false</ISOPTIONAL>
  <NARRATION>seminar fees paid to CII , new delhi chapter paid through credit card</NARRATION>
  <VOUCHERNUMBERSERIES>Default</VOUCHERNUMBERSERIES>
  <GSTREGISTRATION>Not Applicable</GSTREGISTRATION>
  <ISCANCELLED>false</ISCANCELLED>
  <OVRDNEWAYBILLAPPLICABILITY>false</OVRDNEWAYBILLAPPLICABILITY>
  <ALLLEDGERENTRIES.LIST>
   <INDEXNUMBER>1</INDEXNUMBER>
   <LEDGERNAME>Training &amp; Orientation Expenses</LEDGERNAME>
   <VCHLEDGERTYPE>Others</VCHLEDGERTYPE>
   <ISDEEMEDPOSITIVE>true</ISDEEMEDPOSITIVE>
   <ISPARTYLEDGER>false</ISPARTYLEDGER>
   <AMOUNT>
    <AMOUNT>5600</AMOUNT>
    <CURRENCY>₹</CURRENCY>
    <FOREXSYMBOL>- * -</FOREXSYMBOL>
    <ISDEBIT>true</ISDEBIT>
   </AMOUNT>
  </ALLLEDGERENTRIES.LIST>
  <ALLLEDGERENTRIES.LIST>
   <INDEXNUMBER>2</INDEXNUMBER>
   <LEDGERNAME>HDFC Silver Credit Card</LEDGERNAME>
   <VCHLEDGERTYPE>Others</VCHLEDGERTYPE>
   <ISDEEMEDPOSITIVE>false</ISDEEMEDPOSITIVE>
   <ISPARTYLEDGER>false</ISPARTYLEDGER>
   <AMOUNT>
    <AMOUNT>5600</AMOUNT>
    <CURRENCY>₹</CURRENCY>
    <FOREXSYMBOL>- * -</FOREXSYMBOL>
    <ISDEBIT>false</ISDEBIT>
   </AMOUNT>
  </ALLLEDGERENTRIES.LIST>
 </VOUCHER>
 <VOUCHER>
  <GUID>52889497-5b6b-403d-8f83-224e3c7759b4-000000e0</GUID>
  <REMOTEALTGUID>52889497-5b6b-403d-8f83-224e3c7759b4</REMOTEALTGUID>
  <MASTERID>224</MASTERID>
  <ALTERID>7553</ALTERID>
  <ENTEREDBY>A</ENTEREDBY>
  <DATE>2016-06-26</DATE>
  <EFFECTIVEDATE>2016-06-26</EFFECTIVEDATE>
  <VOUCHERTYPENAME>Journal</VOUCHERTYPENAME>
  <PERSISTEDVIEW>AccountingVoucherView</PERSISTEDVIEW>
  <VCHGSTCLASS>Not Applicable</VCHGSTCLASS>
  <ISCOSTCENTRE>false</ISCOSTCENTRE>
  <ISINVOICE>false</ISINVOICE>
  <VOUCHERNUMBER>18</VOUCHERNUMBER>
  <ISOPTIONAL>false</ISOPTIONAL>
  <NARRATION>delhi local taxi fare paid thro credit card by Mr. Mohan on his personal visit</NARRATION>
  <VOUCHERNUMBERSERIES>Default</VOUCHERNUMBERSERIES>
  <GSTREGISTRATION>Not Applicable</GSTREGISTRATION>
  <ISCANCELLED>false</ISCANCELLED>
  <OVRDNEWAYBILLAPPLICABILITY>false</OVRDNEWAYBILLAPPLICABILITY>
  <ALLLEDGERENTRIES.LIST>
   <INDEXNUMBER>1</INDEXNUMBER>
   <LEDGERNAME>Travelling &amp; Conveyance</LEDGERNAME>
   <VCHLEDGERTYPE>Others</VCHLEDGERTYPE>
   <ISDEEMEDPOSITIVE>true</ISDEEMEDPOSITIVE>
   <ISPARTYLEDGER>false</ISPARTYLEDGER>
   <AMOUNT>
    <AMOUNT>632</AMOUNT>
    <CURRENCY>₹</CURRENCY>
    <FOREXSYMBOL>- * -</FOREXSYMBOL>
    <ISDEBIT>true</ISDEBIT>
   </AMOUNT>
  </ALLLEDGERENTRIES.LIST>
  <ALLLEDGERENTRIES.LIST>
   <INDEXNUMBER>2</INDEXNUMBER>
   <LEDGERNAME>HDFC Silver Credit Card</LEDGERNAME>
   <VCHLEDGERTYPE>Others</VCHLEDGERTYPE>
   <ISDEEMEDPOSITIVE>false</ISDEEMEDPOSITIVE>
   <ISPARTYLEDGER>false</ISPARTYLEDGER>
   <AMOUNT>
    <AMOUNT>632</AMOUNT>
    <CURRENCY>₹</CURRENCY>
    <FOREXSYMBOL>- * -</FOREXSYMBOL>
    <ISDEBIT>false</ISDEBIT>
   </AMOUNT>
  </ALLLEDGERENTRIES.LIST>
 </VOUCHER>
 <VOUCHER>
  <GUID>52889497-5b6b-403d-8f83-224e3c7759b4-000000e1</GUID>
  <REMOTEALTGUID>52889497-5b6b-403d-8f83-224e3c7759b4</REMOTEALTGUID>
  <MASTERID>225</MASTERID>
  <ALTERID>7554</ALTERID>
  <ENTEREDBY>A</ENTEREDBY>
  <DATE>2016-06-26</DATE>
  <EFFECTIVEDATE>2016-06-26</EFFECTIVEDATE>
  <VOUCHERTYPENAME>Journal</VOUCHERTYPENAME>
  <PERSISTEDVIEW>AccountingVoucherView</PERSISTEDVIEW>
  <VCHGSTCLASS>Not Applicable</VCHGSTCLASS>
  <ISCOSTCENTRE>false</ISCOSTCENTRE>
  <ISINVOICE>false</ISINVOICE>
  <VOUCHERNUMBER>19</VOUCHERNUMBER>
  <ISOPTIONAL>false</ISOPTIONAL>
  <NARRATION>boarding &amp; lodging expenses paid to hotel suprabath Delhi paid through credit card on official visit.</NARRATION>
  <VOUCHERNUMBERSERIES>Default</VOUCHERNUMBERSERIES>
  <GSTREGISTRATION>Not Applicable</GSTREGISTRATION>
  <ISCANCELLED>false</ISCANCELLED>
  <OVRDNEWAYBILLAPPLICABILITY>false</OVRDNEWAYBILLAPPLICABILITY>
  <ALLLEDGERENTRIES.LIST>
   <INDEXNUMBER>1</INDEXNUMBER>
   <LEDGERNAME>Staff Welfare Expenses</LEDGERNAME>
   <VCHLEDGERTYPE>Others</VCHLEDGERTYPE>
   <ISDEEMEDPOSITIVE>true</ISDEEMEDPOSITIVE>
   <ISPARTYLEDGER>false</ISPARTYLEDGER>
   <AMOUNT>
    <AMOUNT>2038</AMOUNT>
    <CURRENCY>₹</CURRENCY>
    <FOREXSYMBOL>- * -</FOREXSYMBOL>
    <ISDEBIT>true</ISDEBIT>
   </AMOUNT>
  </ALLLEDGERENTRIES.LIST>
  <ALLLEDGERENTRIES.LIST>
   <INDEXNUMBER>2</INDEXNUMBER>
   <LEDGERNAME>HDFC Silver Credit Card</LEDGERNAME>
   <VCHLEDGERTYPE>Others</VCHLEDGERTYPE>
   <ISDEEMEDPOSITIVE>false</ISDEEMEDPOSITIVE>
   <ISPARTYLEDGER>false</ISPARTYLEDGER>
   <AMOUNT>
    <AMOUNT>2038</AMOUNT>
    <CURRENCY>₹</CURRENCY>
    <FOREXSYMBOL>- * -</FOREXSYMBOL>
    <ISDEBIT>false</ISDEBIT>
   </AMOUNT>
  </ALLLEDGERENTRIES.LIST>
 </VOUCHER>
 <VOUCHER>
  <GUID>52889497-5b6b-403d-8f83-224e3c7759b4-000000e2</GUID>
  <REMOTEALTGUID>52889497-5b6b-403d-8f83-224e3c7759b4</REMOTEALTGUID>
  <MASTERID>226</MASTERID>
  <ALTERID>7555</ALTERID>
  <ENTEREDBY>A</ENTEREDBY>
  <DATE>2016-06-26</DATE>
  <EFFECTIVEDATE>2016-06-26</EFFECTIVEDATE>
  <VOUCHERTYPENAME>Journal</VOUCHERTYPENAME>
  <PERSISTEDVIEW>AccountingVoucherView</PERSISTEDVIEW>
  <VCHGSTCLASS>Not Applicable</VCHGSTCLASS>
  <ISCOSTCENTRE>false</ISCOSTCENTRE>
  <ISINVOICE>false</ISINVOICE>
  <VOUCHERNUMBER>20</VOUCHERNUMBER>
  <ISOPTIONAL>false</ISOPTIONAL>
  <NARRATION>personal expenses of Mr. Mohan</NARRATION>
  <VOUCHERNUMBERSERIES>Default</VOUCHERNUMBERSERIES>
  <GSTREGISTRATION>Not Applicable</GSTREGISTRATION>
  <ISCANCELLED>false</ISCANCELLED>
  <OVRDNEWAYBILLAPPLICABILITY>false</OVRDNEWAYBILLAPPLICABILITY>
  <ALLLEDGERENTRIES.LIST>
   <INDEXNUMBER>1</INDEXNUMBER>
   <LEDGERNAME>Staff Welfare Expenses</LEDGERNAME>
   <VCHLEDGERTYPE>Others</VCHLEDGERTYPE>
   <ISDEEMEDPOSITIVE>true</ISDEEMEDPOSITIVE>
   <ISPARTYLEDGER>false</ISPARTYLEDGER>
   <AMOUNT>
    <AMOUNT>1650</AMOUNT>
    <CURRENCY>₹</CURRENCY>
    <FOREXSYMBOL>- * -</FOREXSYMBOL>
    <ISDEBIT>true</ISDEBIT>
   </AMOUNT>
  </ALLLEDGERENTRIES.LIST>
  <ALLLEDGERENTRIES.LIST>
   <INDEXNUMBER>2</INDEXNUMBER>
   <LEDGERNAME>HDFC Silver Credit Card</LEDGERNAME>
   <VCHLEDGERTYPE>Others</VCHLEDGERTYPE>
   <ISDEEMEDPOSITIVE>false</ISDEEMEDPOSITIVE>
   <ISPARTYLEDGER>false</ISPARTYLEDGER>
   <AMOUNT>
    <AMOUNT>1650</AMOUNT>
    <CURRENCY>₹</CURRENCY>
    <FOREXSYMBOL>- * -</FOREXSYMBOL>
    <ISDEBIT>false</ISDEBIT>
   </AMOUNT>
  </ALLLEDGERENTRIES.LIST>
 </VOUCHER>
 <VOUCHER>
  <GUID>52889497-5b6b-403d-8f83-224e3c7759b4-000000ed</GUID>
  <REMOTEALTGUID>52889497-5b6b-403d-8f83-224e3c7759b4</REMOTEALTGUID>
  <MASTERID>237</MASTERID>
  <ALTERID>7565</ALTERID>
  <ENTEREDBY>A</ENTEREDBY>
  <DATE>2016-06-30</DATE>
  <EFFECTIVEDATE>2016-06-30</EFFECTIVEDATE>
  <VOUCHERTYPENAME>Journal</VOUCHERTYPENAME>
  <PERSISTEDVIEW>AccountingVoucherView</PERSISTEDVIEW>
  <VCHGSTCLASS>Not Applicable</VCHGSTCLASS>
  <ISCOSTCENTRE>false</ISCOSTCENTRE>
  <ISINVOICE>false</ISINVOICE>
  <VOUCHERNUMBER>21</VOUCHERNUMBER>
  <ISOPTIONAL>false</ISOPTIONAL>
  <NARRATION>Being Petrol Expenses dur for Jun`07</NARRATION>
  <VOUCHERNUMBERSERIES>Default</VOUCHERNUMBERSERIES>
  <GSTREGISTRATION>Not Applicable</GSTREGISTRATION>
  <ISCANCELLED>false</ISCANCELLED>
  <OVRDNEWAYBILLAPPLICABILITY>false</OVRDNEWAYBILLAPPLICABILITY>
  <ALLLEDGERENTRIES.LIST>
   <INDEXNUMBER>1</INDEXNUMBER>
   <LEDGERNAME>Petrol Expenses</LEDGERNAME>
   <VCHLEDGERTYPE>Others</VCHLEDGERTYPE>
   <ISDEEMEDPOSITIVE>true</ISDEEMEDPOSITIVE>
   <ISPARTYLEDGER>false</ISPARTYLEDGER>
   <AMOUNT>
    <AMOUNT>4213</AMOUNT>
    <CURRENCY>₹</CURRENCY>
    <FOREXSYMBOL>- * -</FOREXSYMBOL>
    <ISDEBIT>true</ISDEBIT>
   </AMOUNT>
  </ALLLEDGERENTRIES.LIST>
  <ALLLEDGERENTRIES.LIST>
   <INDEXNUMBER>2</INDEXNUMBER>
   <LEDGERNAME>Bharat Petroleum</LEDGERNAME>
   <VCHLEDGERTYPE>Others</VCHLEDGERTYPE>
   <ISDEEMEDPOSITIVE>false</ISDEEMEDPOSITIVE>
   <ISPARTYLEDGER>true</ISPARTYLEDGER>
   <AMOUNT>
    <AMOUNT>4213</AMOUNT>
    <CURRENCY>₹</CURRENCY>
    <FOREXSYMBOL>- * -</FOREXSYMBOL>
    <ISDEBIT>false</ISDEBIT>
   </AMOUNT>
   <BILLALLOCATIONS.LIST>
    <BILLTYPE>NewRef</BILLTYPE>
    <NAME>855</NAME>
    <AMOUNT>
     <AMOUNT>4213</AMOUNT>
     <CURRENCY>₹</CURRENCY>
     <FOREXSYMBOL>- * -</FOREXSYMBOL>
     <ISDEBIT>false</ISDEBIT>
    </AMOUNT>
   </BILLALLOCATIONS.LIST>
  </ALLLEDGERENTRIES.LIST>
 </VOUCHER>
 <VOUCHER>
  <GUID>52889497-5b6b-403d-8f83-224e3c7759b4-000000ee</GUID>
  <REMOTEALTGUID>52889497-5b6b-403d-8f83-224e3c7759b4</REMOTEALTGUID>
  <MASTERID>238</MASTERID>
  <ALTERID>7566</ALTERID>
  <ENTEREDBY>A</ENTEREDBY>
  <DATE>2016-06-30</DATE>
  <EFFECTIVEDATE>2016-06-30</EFFECTIVEDATE>
  <VOUCHERTYPENAME>Journal</VOUCHERTYPENAME>
  <PERSISTEDVIEW>AccountingVoucherView</PERSISTEDVIEW>
  <VCHGSTCLASS>Not Applicable</VCHGSTCLASS>
  <ISCOSTCENTRE>false</ISCOSTCENTRE>
  <ISINVOICE>false</ISINVOICE>
  <VOUCHERNUMBER>22</VOUCHERNUMBER>
  <ISOPTIONAL>false</ISOPTIONAL>
  <NARRATION>Being transportation charges on purchases.</NARRATION>
  <VOUCHERNUMBERSERIES>Default</VOUCHERNUMBERSERIES>
  <GSTREGISTRATION>Not Applicable</GSTREGISTRATION>
  <ISCANCELLED>false</ISCANCELLED>
  <OVRDNEWAYBILLAPPLICABILITY>false</OVRDNEWAYBILLAPPLICABILITY>
  <ALLLEDGERENTRIES.LIST>
   <INDEXNUMBER>1</INDEXNUMBER>
   <LEDGERNAME>Carriage Inwards</LEDGERNAME>
   <VCHLEDGERTYPE>Others</VCHLEDGERTYPE>
   <ISDEEMEDPOSITIVE>true</ISDEEMEDPOSITIVE>
   <ISPARTYLEDGER>false</ISPARTYLEDGER>
   <AMOUNT>
    <AMOUNT>1250</AMOUNT>
    <CURRENCY>₹</CURRENCY>
    <FOREXSYMBOL>- * -</FOREXSYMBOL>
    <ISDEBIT>true</ISDEBIT>
   </AMOUNT>
  </ALLLEDGERENTRIES.LIST>
  <ALLLEDGERENTRIES.LIST>
   <INDEXNUMBER>2</INDEXNUMBER>
   <LEDGERNAME>Pee Jee  Transports</LEDGERNAME>
   <VCHLEDGERTYPE>Others</VCHLEDGERTYPE>
   <ISDEEMEDPOSITIVE>false</ISDEEMEDPOSITIVE>
   <ISPARTYLEDGER>true</ISPARTYLEDGER>
   <AMOUNT>
    <AMOUNT>1250</AMOUNT>
    <CURRENCY>₹</CURRENCY>
    <FOREXSYMBOL>- * -</FOREXSYMBOL>
    <ISDEBIT>false</ISDEBIT>
   </AMOUNT>
   <BILLALLOCATIONS.LIST>
    <BILLTYPE>NewRef</BILLTYPE>
    <NAME>PJT/59</NAME>
    <BILLCREDITPERIOD>
     <DUEONDATE>2016-07-30</DUEONDATE>
     <INDAYS>30</INDAYS>
     <INTEXT>30 Days</INTEXT>
    </BILLCREDITPERIOD>
    <AMOUNT>
     <AMOUNT>1250</AMOUNT>
     <CURRENCY>₹</CURRENCY>
     <FOREXSYMBOL>- * -</FOREXSYMBOL>
     <ISDEBIT>false</ISDEBIT>
    </AMOUNT>
   </BILLALLOCATIONS.LIST>
  </ALLLEDGERENTRIES.LIST>
 </VOUCHER>
 <VOUCHER>
  <GUID>52889497-5b6b-403d-8f83-224e3c7759b4-000000ef</GUID>
  <REMOTEALTGUID>52889497-5b6b-403d-8f83-224e3c7759b4</REMOTEALTGUID>
  <MASTERID>239</MASTERID>
  <ALTERID>7567</ALTERID>
  <ENTEREDBY>A</ENTEREDBY>
  <DATE>2016-06-30</DATE>
  <EFFECTIVEDATE>2016-06-30</EFFECTIVEDATE>
  <VOUCHERTYPENAME>Journal</VOUCHERTYPENAME>
  <PERSISTEDVIEW>AccountingVoucherView</PERSISTEDVIEW>
  <VCHGSTCLASS>Not Applicable</VCHGSTCLASS>
  <ISCOSTCENTRE>false</ISCOSTCENTRE>
  <ISINVOICE>false</ISINVOICE>
  <VOUCHERNUMBER>23</VOUCHERNUMBER>
  <ISOPTIONAL>false</ISOPTIONAL>
  <NARRATION>Being Transportation charges due for the month of Jun`07</NARRATION>
  <VOUCHERNUMBERSERIES>Default</VOUCHERNUMBERSERIES>
  <GSTREGISTRATION>Not Applicable</GSTREGISTRATION>
  <ISCANCELLED>false</ISCANCELLED>
  <OVRDNEWAYBILLAPPLICABILITY>false</OVRDNEWAYBILLAPPLICABILITY>
  <ALLLEDGERENTRIES.LIST>
   <INDEXNUMBER>1</INDEXNUMBER>
   <LEDGERNAME>Transportation &amp; Packaging</LEDGERNAME>
   <VCHLEDGERTYPE>Others</VCHLEDGERTYPE>
   <ISDEEMEDPOSITIVE>true</ISDEEMEDPOSITIVE>
   <ISPARTYLEDGER>false</ISPARTYLEDGER>
   <AMOUNT>
    <AMOUNT>5000</AMOUNT>
    <CURRENCY>₹</CURRENCY>
    <FOREXSYMBOL>- * -</FOREXSYMBOL>
    <ISDEBIT>true</ISDEBIT>
   </AMOUNT>
  </ALLLEDGERENTRIES.LIST>
  <ALLLEDGERENTRIES.LIST>
   <INDEXNUMBER>2</INDEXNUMBER>
   <LEDGERNAME>Jet Roadways (P) Ltd.,</LEDGERNAME>
   <VCHLEDGERTYPE>Others</VCHLEDGERTYPE>
   <ISDEEMEDPOSITIVE>false</ISDEEMEDPOSITIVE>
   <ISPARTYLEDGER>true</ISPARTYLEDGER>
   <AMOUNT>
    <AMOUNT>5000</AMOUNT>
    <CURRENCY>₹</CURRENCY>
    <FOREXSYMBOL>- * -</FOREXSYMBOL>
    <ISDEBIT>false</ISDEBIT>
   </AMOUNT>
   <BILLALLOCATIONS.LIST>
    <BILLTYPE>NewRef</BILLTYPE>
    <NAME>326</NAME>
    <AMOUNT>
     <AMOUNT>5000</AMOUNT>
     <CURRENCY>₹</CURRENCY>
     <FOREXSYMBOL>- * -</FOREXSYMBOL>
     <ISDEBIT>false</ISDEBIT>
    </AMOUNT>
   </BILLALLOCATIONS.LIST>
  </ALLLEDGERENTRIES.LIST>
 </VOUCHER>
 <VOUCHER>
  <GUID>52889497-5b6b-403d-8f83-224e3c7759b4-00001300</GUID>
  <REMOTEALTGUID>52889497-5b6b-403d-8f83-224e3c7759b4</REMOTEALTGUID>
  <MASTERID>4864</MASTERID>
  <ALTERID>7575</ALTERID>
  <ENTEREDBY>A</ENTEREDBY>
  <DATE>2016-06-30</DATE>
  <EFFECTIVEDATE>2016-06-30</EFFECTIVEDATE>
  <VOUCHERTYPENAME>Journal</VOUCHERTYPENAME>
  <PERSISTEDVIEW>AccountingVoucherView</PERSISTEDVIEW>
  <VCHGSTCLASS>Not Applicable</VCHGSTCLASS>
  <ISCOSTCENTRE>false</ISCOSTCENTRE>
  <ISINVOICE>false</ISINVOICE>
  <VOUCHERNUMBER>24</VOUCHERNUMBER>
  <ISOPTIONAL>false</ISOPTIONAL>
  <VOUCHERNUMBERSERIES>Default</VOUCHERNUMBERSERIES>
  <GSTREGISTRATION>Not Applicable</GSTREGISTRATION>
  <ISCANCELLED>false</ISCANCELLED>
  <OVRDNEWAYBILLAPPLICABILITY>false</OVRDNEWAYBILLAPPLICABILITY>
  <ALLLEDGERENTRIES.LIST>
   <INDEXNUMBER>1</INDEXNUMBER>
   <LEDGERNAME>PF Admin Expense</LEDGERNAME>
   <VCHLEDGERTYPE>Others</VCHLEDGERTYPE>
   <ISDEEMEDPOSITIVE>true</ISDEEMEDPOSITIVE>
   <ISPARTYLEDGER>false</ISPARTYLEDGER>
   <AMOUNT>
    <AMOUNT>374.42</AMOUNT>
    <CURRENCY>₹</CURRENCY>
    <FOREXSYMBOL>- * -</FOREXSYMBOL>
    <ISDEBIT>true</ISDEBIT>
   </AMOUNT>
  </ALLLEDGERENTRIES.LIST>
  <ALLLEDGERENTRIES.LIST>
   <INDEXNUMBER>2</INDEXNUMBER>
   <LEDGERNAME>PF Admin Charges @ 1.10%</LEDGERNAME>
   <VCHLEDGERTYPE>Others</VCHLEDGERTYPE>
   <ISDEEMEDPOSITIVE>false</ISDEEMEDPOSITIVE>
   <ISPARTYLEDGER>false</ISPARTYLEDGER>
   <AMOUNT>
    <AMOUNT>359.15</AMOUNT>
    <CURRENCY>₹</CURRENCY>
    <FOREXSYMBOL>- * -</FOREXSYMBOL>
    <ISDEBIT>false</ISDEBIT>
   </AMOUNT>
  </ALLLEDGERENTRIES.LIST>
  <ALLLEDGERENTRIES.LIST>
   <INDEXNUMBER>3</INDEXNUMBER>
   <LEDGERNAME>DLI Contribution @ 0.5%</LEDGERNAME>
   <VCHLEDGERTYPE>Others</VCHLEDGERTYPE>
   <ISDEEMEDPOSITIVE>false</ISDEEMEDPOSITIVE>
   <ISPARTYLEDGER>false</ISPARTYLEDGER>
   <AMOUNT>
    <AMOUNT>12</AMOUNT>
    <CURRENCY>₹</CURRENCY>
    <FOREXSYMBOL>- * -</FOREXSYMBOL>
    <ISDEBIT>false</ISDEBIT>
   </AMOUNT>
  </ALLLEDGERENTRIES.LIST>
  <ALLLEDGERENTRIES.LIST>
   <INDEXNUMBER>4</INDEXNUMBER>
   <LEDGERNAME>EDLI Admin Charges @ 0.01%</LEDGERNAME>
   <VCHLEDGERTYPE>Others</VCHLEDGERTYPE>
   <ISDEEMEDPOSITIVE>false</ISDEEMEDPOSITIVE>
   <ISPARTYLEDGER>false</ISPARTYLEDGER>
   <AMOUNT>
    <AMOUNT>3.27</AMOUNT>
    <CURRENCY>₹</CURRENCY>
    <FOREXSYMBOL>- * -</FOREXSYMBOL>
    <ISDEBIT>false</ISDEBIT>
   </AMOUNT>
  </ALLLEDGERENTRIES.LIST>
 </VOUCHER>
 <VOUCHER>
  <GUID>52889497-5b6b-403d-8f83-224e3c7759b4-00000116</GUID>
  <REMOTEALTGUID>52889497-5b6b-403d-8f83-224e3c7759b4</REMOTEALTGUID>
  <MASTERID>278</MASTERID>
  <ALTERID>7612</ALTERID>
  <ENTEREDBY>A</ENTEREDBY>
  <DATE>2016-07-10</DATE>
  <EFFECTIVEDATE>2016-07-10</EFFECTIVEDATE>
  <VOUCHERTYPENAME>Journal</VOUCHERTYPENAME>
  <PERSISTEDVIEW>AccountingVoucherView</PERSISTEDVIEW>
  <VCHGSTCLASS>Not Applicable</VCHGSTCLASS>
  <ISCOSTCENTRE>false</ISCOSTCENTRE>
  <ISINVOICE>false</ISINVOICE>
  <VOUCHERNUMBER>25</VOUCHERNUMBER>
  <ISOPTIONAL>false</ISOPTIONAL>
  <NARRATION>Being cost of Electrical Fittings &amp; service charges.</NARRATION>
  <VOUCHERNUMBERSERIES>Default</VOUCHERNUMBERSERIES>
  <GSTREGISTRATION>Not Applicable</GSTREGISTRATION>
  <ISCANCELLED>false</ISCANCELLED>
  <OVRDNEWAYBILLAPPLICABILITY>false</OVRDNEWAYBILLAPPLICABILITY>
  <ALLLEDGERENTRIES.LIST>
   <INDEXNUMBER>1</INDEXNUMBER>
   <LEDGERNAME>Repairs &amp; Maintenance - Electrical</LEDGERNAME>
   <VCHLEDGERTYPE>Others</VCHLEDGERTYPE>
   <ISDEEMEDPOSITIVE>true</ISDEEMEDPOSITIVE>
   <ISPARTYLEDGER>false</ISPARTYLEDGER>
   <AMOUNT>
    <AMOUNT>7890</AMOUNT>
    <CURRENCY>₹</CURRENCY>
    <FOREXSYMBOL>- * -</FOREXSYMBOL>
    <ISDEBIT>true</ISDEBIT>
   </AMOUNT>
  </ALLLEDGERENTRIES.LIST>
  <ALLLEDGERENTRIES.LIST>
   <INDEXNUMBER>2</INDEXNUMBER>
   <LEDGERNAME>Mani Electricals</LEDGERNAME>
   <VCHLEDGERTYPE>Others</VCHLEDGERTYPE>
   <ISDEEMEDPOSITIVE>false</ISDEEMEDPOSITIVE>
   <ISPARTYLEDGER>true</ISPARTYLEDGER>
   <AMOUNT>
    <AMOUNT>7890</AMOUNT>
    <CURRENCY>₹</CURRENCY>
    <FOREXSYMBOL>- * -</FOREXSYMBOL>
    <ISDEBIT>false</ISDEBIT>
   </AMOUNT>
   <BILLALLOCATIONS.LIST>
    <BILLTYPE>NewRef</BILLTYPE>
    <NAME>ME/82369</NAME>
    <AMOUNT>
     <AMOUNT>7890</AMOUNT>
     <CURRENCY>₹</CURRENCY>
     <FOREXSYMBOL>- * -</FOREXSYMBOL>
     <ISDEBIT>false</ISDEBIT>
    </AMOUNT>
   </BILLALLOCATIONS.LIST>
  </ALLLEDGERENTRIES.LIST>
 </VOUCHER>
 <VOUCHER>
  <GUID>52889497-5b6b-403d-8f83-224e3c7759b4-0000014b</GUID>
  <REMOTEALTGUID>52889497-5b6b-403d-8f83-224e3c7759b4</REMOTEALTGUID>
  <MASTERID>331</MASTERID>
  <ALTERID>7670</ALTERID>
  <ENTEREDBY>A</ENTEREDBY>
  <DATE>2016-07-31</DATE>
  <EFFECTIVEDATE>2016-07-31</EFFECTIVEDATE>
  <VOUCHERTYPENAME>Journal</VOUCHERTYPENAME>
  <PERSISTEDVIEW>AccountingVoucherView</PERSISTEDVIEW>
  <VCHGSTCLASS>Not Applicable</VCHGSTCLASS>
  <ISCOSTCENTRE>false</ISCOSTCENTRE>
  <ISINVOICE>false</ISINVOICE>
  <VOUCHERNUMBER>26</VOUCHERNUMBER>
  <ISOPTIONAL>false</ISOPTIONAL>
  <NARRATION>Being Petrol Expenses dur for Jul`07.</NARRATION>
  <VOUCHERNUMBERSERIES>Default</VOUCHERNUMBERSERIES>
  <GSTREGISTRATION>Not Applicable</GSTREGISTRATION>
  <ISCANCELLED>false</ISCANCELLED>
  <OVRDNEWAYBILLAPPLICABILITY>false</OVRDNEWAYBILLAPPLICABILITY>
  <ALLLEDGERENTRIES.LIST>
   <INDEXNUMBER>1</INDEXNUMBER>
   <LEDGERNAME>Petrol Expenses</LEDGERNAME>
   <VCHLEDGERTYPE>Others</VCHLEDGERTYPE>
   <ISDEEMEDPOSITIVE>true</ISDEEMEDPOSITIVE>
   <ISPARTYLEDGER>false</ISPARTYLEDGER>
   <AMOUNT>
    <AMOUNT>1589</AMOUNT>
    <CURRENCY>₹</CURRENCY>
    <FOREXSYMBOL>- * -</FOREXSYMBOL>
    <ISDEBIT>true</ISDEBIT>
   </AMOUNT>
  </ALLLEDGERENTRIES.LIST>
  <ALLLEDGERENTRIES.LIST>
   <INDEXNUMBER>2</INDEXNUMBER>
   <LEDGERNAME>Bharat Petroleum</LEDGERNAME>
   <VCHLEDGERTYPE>Others</VCHLEDGERTYPE>
   <ISDEEMEDPOSITIVE>false</ISDEEMEDPOSITIVE>
   <ISPARTYLEDGER>true</ISPARTYLEDGER>
   <AMOUNT>
    <AMOUNT>1589</AMOUNT>
    <CURRENCY>₹</CURRENCY>
    <FOREXSYMBOL>- * -</FOREXSYMBOL>
    <ISDEBIT>false</ISDEBIT>
   </AMOUNT>
   <BILLALLOCATIONS.LIST>
    <BILLTYPE>NewRef</BILLTYPE>
    <NAME>1255</NAME>
    <AMOUNT>
     <AMOUNT>1589</AMOUNT>
     <CURRENCY>₹</CURRENCY>
     <FOREXSYMBOL>- * -</FOREXSYMBOL>
     <ISDEBIT>false</ISDEBIT>
    </AMOUNT>
   </BILLALLOCATIONS.LIST>
  </ALLLEDGERENTRIES.LIST>
 </VOUCHER>
 <VOUCHER>
  <GUID>52889497-5b6b-403d-8f83-224e3c7759b4-0000014c</GUID>
  <REMOTEALTGUID>52889497-5b6b-403d-8f83-224e3c7759b4</REMOTEALTGUID>
  <MASTERID>332</MASTERID>
  <ALTERID>7671</ALTERID>
  <ENTEREDBY>A</ENTEREDBY>
  <DATE>2016-07-31</DATE>
  <EFFECTIVEDATE>2016-07-31</EFFECTIVEDATE>
  <VOUCHERTYPENAME>Journal</VOUCHERTYPENAME>
  <PERSISTEDVIEW>AccountingVoucherView</PERSISTEDVIEW>
  <VCHGSTCLASS>Not Applicable</VCHGSTCLASS>
  <ISCOSTCENTRE>false</ISCOSTCENTRE>
  <ISINVOICE>false</ISINVOICE>
  <VOUCHERNUMBER>27</VOUCHERNUMBER>
  <ISOPTIONAL>false</ISOPTIONAL>
  <NARRATION>Being transportation charges on purchases.</NARRATION>
  <VOUCHERNUMBERSERIES>Default</VOUCHERNUMBERSERIES>
  <GSTREGISTRATION>Not Applicable</GSTREGISTRATION>
  <ISCANCELLED>false</ISCANCELLED>
  <OVRDNEWAYBILLAPPLICABILITY>false</OVRDNEWAYBILLAPPLICABILITY>
  <ALLLEDGERENTRIES.LIST>
   <INDEXNUMBER>1</INDEXNUMBER>
   <LEDGERNAME>Carriage Inwards</LEDGERNAME>
   <VCHLEDGERTYPE>Others</VCHLEDGERTYPE>
   <ISDEEMEDPOSITIVE>true</ISDEEMEDPOSITIVE>
   <ISPARTYLEDGER>false</ISPARTYLEDGER>
   <AMOUNT>
    <AMOUNT>1250</AMOUNT>
    <CURRENCY>₹</CURRENCY>
    <FOREXSYMBOL>- * -</FOREXSYMBOL>
    <ISDEBIT>true</ISDEBIT>
   </AMOUNT>
  </ALLLEDGERENTRIES.LIST>
  <ALLLEDGERENTRIES.LIST>
   <INDEXNUMBER>2</INDEXNUMBER>
   <LEDGERNAME>Pee Jee  Transports</LEDGERNAME>
   <VCHLEDGERTYPE>Others</VCHLEDGERTYPE>
   <ISDEEMEDPOSITIVE>false</ISDEEMEDPOSITIVE>
   <ISPARTYLEDGER>true</ISPARTYLEDGER>
   <AMOUNT>
    <AMOUNT>1250</AMOUNT>
    <CURRENCY>₹</CURRENCY>
    <FOREXSYMBOL>- * -</FOREXSYMBOL>
    <ISDEBIT>false</ISDEBIT>
   </AMOUNT>
   <BILLALLOCATIONS.LIST>
    <BILLTYPE>NewRef</BILLTYPE>
    <NAME>PJT/69</NAME>
    <BILLCREDITPERIOD>
     <DUEONDATE>2016-08-30</DUEONDATE>
     <INDAYS>30</INDAYS>
     <INTEXT>30 Days</INTEXT>
    </BILLCREDITPERIOD>
    <AMOUNT>
     <AMOUNT>1250</AMOUNT>
     <CURRENCY>₹</CURRENCY>
     <FOREXSYMBOL>- * -</FOREXSYMBOL>
     <ISDEBIT>false</ISDEBIT>
    </AMOUNT>
   </BILLALLOCATIONS.LIST>
  </ALLLEDGERENTRIES.LIST>
 </VOUCHER>
 <VOUCHER>
  <GUID>52889497-5b6b-403d-8f83-224e3c7759b4-0000014d</GUID>
  <REMOTEALTGUID>52889497-5b6b-403d-8f83-224e3c7759b4</REMOTEALTGUID>
  <MASTERID>333</MASTERID>
  <ALTERID>7672</ALTERID>
  <ENTEREDBY>A</ENTEREDBY>
  <DATE>2016-07-31</DATE>
  <EFFECTIVEDATE>2016-07-31</EFFECTIVEDATE>
  <VOUCHERTYPENAME>Journal</VOUCHERTYPENAME>
  <PERSISTEDVIEW>AccountingVoucherView</PERSISTEDVIEW>
  <VCHGSTCLASS>Not Applicable</VCHGSTCLASS>
  <ISCOSTCENTRE>false</ISCOSTCENTRE>
  <ISINVOICE>false</ISINVOICE>
  <VOUCHERNUMBER>28</VOUCHERNUMBER>
  <ISOPTIONAL>false</ISOPTIONAL>
  <NARRATION>Being Transportation charges due for the month of Jul`07</NARRATION>
  <VOUCHERNUMBERSERIES>Default</VOUCHERNUMBERSERIES>
  <GSTREGISTRATION>Not Applicable</GSTREGISTRATION>
  <ISCANCELLED>false</ISCANCELLED>
  <OVRDNEWAYBILLAPPLICABILITY>false</OVRDNEWAYBILLAPPLICABILITY>
  <ALLLEDGERENTRIES.LIST>
   <INDEXNUMBER>1</INDEXNUMBER>
   <LEDGERNAME>Transportation &amp; Packaging</LEDGERNAME>
   <VCHLEDGERTYPE>Others</VCHLEDGERTYPE>
   <ISDEEMEDPOSITIVE>true</ISDEEMEDPOSITIVE>
   <ISPARTYLEDGER>false</ISPARTYLEDGER>
   <AMOUNT>
    <AMOUNT>5000</AMOUNT>
    <CURRENCY>₹</CURRENCY>
    <FOREXSYMBOL>- * -</FOREXSYMBOL>
    <ISDEBIT>true</ISDEBIT>
   </AMOUNT>
  </ALLLEDGERENTRIES.LIST>
  <ALLLEDGERENTRIES.LIST>
   <INDEXNUMBER>2</INDEXNUMBER>
   <LEDGERNAME>Jet Roadways (P) Ltd.,</LEDGERNAME>
   <VCHLEDGERTYPE>Others</VCHLEDGERTYPE>
   <ISDEEMEDPOSITIVE>false</ISDEEMEDPOSITIVE>
   <ISPARTYLEDGER>true</ISPARTYLEDGER>
   <AMOUNT>
    <AMOUNT>5000</AMOUNT>
    <CURRENCY>₹</CURRENCY>
    <FOREXSYMBOL>- * -</FOREXSYMBOL>
    <ISDEBIT>false</ISDEBIT>
   </AMOUNT>
   <BILLALLOCATIONS.LIST>
    <BILLTYPE>NewRef</BILLTYPE>
    <NAME>451</NAME>
    <AMOUNT>
     <AMOUNT>5000</AMOUNT>
     <CURRENCY>₹</CURRENCY>
     <FOREXSYMBOL>- * -</FOREXSYMBOL>
     <ISDEBIT>false</ISDEBIT>
    </AMOUNT>
   </BILLALLOCATIONS.LIST>
  </ALLLEDGERENTRIES.LIST>
 </VOUCHER>
 <VOUCHER>
  <GUID>52889497-5b6b-403d-8f83-224e3c7759b4-0000131b</GUID>
  <REMOTEALTGUID>52889497-5b6b-403d-8f83-224e3c7759b4</REMOTEALTGUID>
  <MASTERID>4891</MASTERID>
  <ALTERID>7678</ALTERID>
  <ENTEREDBY>A</ENTEREDBY>
  <DATE>2016-07-31</DATE>
  <EFFECTIVEDATE>2016-07-31</EFFECTIVEDATE>
  <VOUCHERTYPENAME>Journal</VOUCHERTYPENAME>
  <PERSISTEDVIEW>AccountingVoucherView</PERSISTEDVIEW>
  <VCHGSTCLASS>Not Applicable</VCHGSTCLASS>
  <ISCOSTCENTRE>false</ISCOSTCENTRE>
  <ISINVOICE>false</ISINVOICE>
  <VOUCHERNUMBER>29</VOUCHERNUMBER>
  <ISOPTIONAL>false</ISOPTIONAL>
  <VOUCHERNUMBERSERIES>Default</VOUCHERNUMBERSERIES>
  <GSTREGISTRATION>Not Applicable</GSTREGISTRATION>
  <ISCANCELLED>false</ISCANCELLED>
  <OVRDNEWAYBILLAPPLICABILITY>false</OVRDNEWAYBILLAPPLICABILITY>
  <ALLLEDGERENTRIES.LIST>
   <INDEXNUMBER>1</INDEXNUMBER>
   <LEDGERNAME>PF Admin Expense</LEDGERNAME>
   <VCHLEDGERTYPE>Others</VCHLEDGERTYPE>
   <ISDEEMEDPOSITIVE>true</ISDEEMEDPOSITIVE>
   <ISPARTYLEDGER>false</ISPARTYLEDGER>
   <AMOUNT>
    <AMOUNT>389.40</AMOUNT>
    <CURRENCY>₹</CURRENCY>
    <FOREXSYMBOL>- * -</FOREXSYMBOL>
    <ISDEBIT>true</ISDEBIT>
   </AMOUNT>
  </ALLLEDGERENTRIES.LIST>
  <ALLLEDGERENTRIES.LIST>
   <INDEXNUMBER>2</INDEXNUMBER>
   <LEDGERNAME>PF Admin Charges @ 1.10%</LEDGERNAME>
   <VCHLEDGERTYPE>Others</VCHLEDGERTYPE>
   <ISDEEMEDPOSITIVE>false</ISDEEMEDPOSITIVE>
   <ISPARTYLEDGER>false</ISPARTYLEDGER>
   <AMOUNT>
    <AMOUNT>374</AMOUNT>
    <CURRENCY>₹</CURRENCY>
    <FOREXSYMBOL>- * -</FOREXSYMBOL>
    <ISDEBIT>false</ISDEBIT>
   </AMOUNT>
  </ALLLEDGERENTRIES.LIST>
  <ALLLEDGERENTRIES.LIST>
   <INDEXNUMBER>3</INDEXNUMBER>
   <LEDGERNAME>DLI Contribution @ 0.5%</LEDGERNAME>
   <VCHLEDGERTYPE>Others</VCHLEDGERTYPE>
   <ISDEEMEDPOSITIVE>false</ISDEEMEDPOSITIVE>
   <ISPARTYLEDGER>false</ISPARTYLEDGER>
   <AMOUNT>
    <AMOUNT>12</AMOUNT>
    <CURRENCY>₹</CURRENCY>
    <FOREXSYMBOL>- * -</FOREXSYMBOL>
    <ISDEBIT>false</ISDEBIT>
   </AMOUNT>
  </ALLLEDGERENTRIES.LIST>
  <ALLLEDGERENTRIES.LIST>
   <INDEXNUMBER>4</INDEXNUMBER>
   <LEDGERNAME>EDLI Admin Charges @ 0.01%</LEDGERNAME>
   <VCHLEDGERTYPE>Others</VCHLEDGERTYPE>
   <ISDEEMEDPOSITIVE>false</ISDEEMEDPOSITIVE>
   <ISPARTYLEDGER>false</ISPARTYLEDGER>
   <AMOUNT>
    <AMOUNT>3.40</AMOUNT>
    <CURRENCY>₹</CURRENCY>
    <FOREXSYMBOL>- * -</FOREXSYMBOL>
    <ISDEBIT>false</ISDEBIT>
   </AMOUNT>
  </ALLLEDGERENTRIES.LIST>
 </VOUCHER>
 <VOUCHER>
  <GUID>52889497-5b6b-403d-8f83-224e3c7759b4-000001a0</GUID>
  <REMOTEALTGUID>52889497-5b6b-403d-8f83-224e3c7759b4</REMOTEALTGUID>
  <MASTERID>416</MASTERID>
  <ALTERID>7766</ALTERID>
  <ENTEREDBY>A</ENTEREDBY>
  <DATE>2016-08-31</DATE>
  <EFFECTIVEDATE>2016-08-31</EFFECTIVEDATE>
  <VOUCHERTYPENAME>Journal</VOUCHERTYPENAME>
  <PERSISTEDVIEW>AccountingVoucherView</PERSISTEDVIEW>
  <VCHGSTCLASS>Not Applicable</VCHGSTCLASS>
  <ISCOSTCENTRE>false</ISCOSTCENTRE>
  <ISINVOICE>false</ISINVOICE>
  <VOUCHERNUMBER>30</VOUCHERNUMBER>
  <ISOPTIONAL>false</ISOPTIONAL>
  <NARRATION>Being Petrol Expenses dur for Aug`07</NARRATION>
  <VOUCHERNUMBERSERIES>Default</VOUCHERNUMBERSERIES>
  <GSTREGISTRATION>Not Applicable</GSTREGISTRATION>
  <ISCANCELLED>false</ISCANCELLED>
  <OVRDNEWAYBILLAPPLICABILITY>false</OVRDNEWAYBILLAPPLICABILITY>
  <ALLLEDGERENTRIES.LIST>
   <INDEXNUMBER>1</INDEXNUMBER>
   <LEDGERNAME>Petrol Expenses</LEDGERNAME>
   <VCHLEDGERTYPE>Others</VCHLEDGERTYPE>
   <ISDEEMEDPOSITIVE>true</ISDEEMEDPOSITIVE>
   <ISPARTYLEDGER>false</ISPARTYLEDGER>
   <AMOUNT>
    <AMOUNT>2413</AMOUNT>
    <CURRENCY>₹</CURRENCY>
    <FOREXSYMBOL>- * -</FOREXSYMBOL>
    <ISDEBIT>true</ISDEBIT>
   </AMOUNT>
  </ALLLEDGERENTRIES.LIST>
  <ALLLEDGERENTRIES.LIST>
   <INDEXNUMBER>2</INDEXNUMBER>
   <LEDGERNAME>Bharat Petroleum</LEDGERNAME>
   <VCHLEDGERTYPE>Others</VCHLEDGERTYPE>
   <ISDEEMEDPOSITIVE>false</ISDEEMEDPOSITIVE>
   <ISPARTYLEDGER>true</ISPARTYLEDGER>
   <AMOUNT>
    <AMOUNT>2413</AMOUNT>
    <CURRENCY>₹</CURRENCY>
    <FOREXSYMBOL>- * -</FOREXSYMBOL>
    <ISDEBIT>false</ISDEBIT>
   </AMOUNT>
   <BILLALLOCATIONS.LIST>
    <BILLTYPE>NewRef</BILLTYPE>
    <NAME>1560</NAME>
    <AMOUNT>
     <AMOUNT>2413</AMOUNT>
     <CURRENCY>₹</CURRENCY>
     <FOREXSYMBOL>- * -</FOREXSYMBOL>
     <ISDEBIT>false</ISDEBIT>
    </AMOUNT>
   </BILLALLOCATIONS.LIST>
  </ALLLEDGERENTRIES.LIST>
 </VOUCHER>
 <VOUCHER>
  <GUID>52889497-5b6b-403d-8f83-224e3c7759b4-000001a1</GUID>
  <REMOTEALTGUID>52889497-5b6b-403d-8f83-224e3c7759b4</REMOTEALTGUID>
  <MASTERID>417</MASTERID>
  <ALTERID>7767</ALTERID>
  <ENTEREDBY>A</ENTEREDBY>
  <DATE>2016-08-31</DATE>
  <EFFECTIVEDATE>2016-08-31</EFFECTIVEDATE>
  <VOUCHERTYPENAME>Journal</VOUCHERTYPENAME>
  <PERSISTEDVIEW>AccountingVoucherView</PERSISTEDVIEW>
  <VCHGSTCLASS>Not Applicable</VCHGSTCLASS>
  <ISCOSTCENTRE>false</ISCOSTCENTRE>
  <ISINVOICE>false</ISINVOICE>
  <VOUCHERNUMBER>31</VOUCHERNUMBER>
  <ISOPTIONAL>false</ISOPTIONAL>
  <NARRATION>Being transportation charges on purchases.</NARRATION>
  <VOUCHERNUMBERSERIES>Default</VOUCHERNUMBERSERIES>
  <GSTREGISTRATION>Not Applicable</GSTREGISTRATION>
  <ISCANCELLED>false</ISCANCELLED>
  <OVRDNEWAYBILLAPPLICABILITY>false</OVRDNEWAYBILLAPPLICABILITY>
  <ALLLEDGERENTRIES.LIST>
   <INDEXNUMBER>1</INDEXNUMBER>
   <LEDGERNAME>Carriage Inwards</LEDGERNAME>
   <VCHLEDGERTYPE>Others</VCHLEDGERTYPE>
   <ISDEEMEDPOSITIVE>true</ISDEEMEDPOSITIVE>
   <ISPARTYLEDGER>false</ISPARTYLEDGER>
   <AMOUNT>
    <AMOUNT>1250</AMOUNT>
    <CURRENCY>₹</CURRENCY>
    <FOREXSYMBOL>- * -</FOREXSYMBOL>
    <ISDEBIT>true</ISDEBIT>
   </AMOUNT>
  </ALLLEDGERENTRIES.LIST>
  <ALLLEDGERENTRIES.LIST>
   <INDEXNUMBER>2</INDEXNUMBER>
   <LEDGERNAME>Pee Jee  Transports</LEDGERNAME>
   <VCHLEDGERTYPE>Others</VCHLEDGERTYPE>
   <ISDEEMEDPOSITIVE>false</ISDEEMEDPOSITIVE>
   <ISPARTYLEDGER>true</ISPARTYLEDGER>
   <AMOUNT>
    <AMOUNT>1250</AMOUNT>
    <CURRENCY>₹</CURRENCY>
    <FOREXSYMBOL>- * -</FOREXSYMBOL>
    <ISDEBIT>false</ISDEBIT>
   </AMOUNT>
   <BILLALLOCATIONS.LIST>
    <BILLTYPE>NewRef</BILLTYPE>
    <NAME>PJT/78</NAME>
    <BILLCREDITPERIOD>
     <DUEONDATE>2016-09-30</DUEONDATE>
     <INDAYS>30</INDAYS>
     <INTEXT>30 Days</INTEXT>
    </BILLCREDITPERIOD>
    <AMOUNT>
     <AMOUNT>1250</AMOUNT>
     <CURRENCY>₹</CURRENCY>
     <FOREXSYMBOL>- * -</FOREXSYMBOL>
     <ISDEBIT>false</ISDEBIT>
    </AMOUNT>
   </BILLALLOCATIONS.LIST>
  </ALLLEDGERENTRIES.LIST>
 </VOUCHER>
 <VOUCHER>
  <GUID>52889497-5b6b-403d-8f83-224e3c7759b4-000001a2</GUID>
  <REMOTEALTGUID>52889497-5b6b-403d-8f83-224e3c7759b4</REMOTEALTGUID>
  <MASTERID>418</MASTERID>
  <ALTERID>7768</ALTERID>
  <ENTEREDBY>A</ENTEREDBY>
  <DATE>2016-08-31</DATE>
  <EFFECTIVEDATE>2016-08-31</EFFECTIVEDATE>
  <VOUCHERTYPENAME>Journal</VOUCHERTYPENAME>
  <PERSISTEDVIEW>AccountingVoucherView</PERSISTEDVIEW>
  <VCHGSTCLASS>Not Applicable</VCHGSTCLASS>
  <ISCOSTCENTRE>false</ISCOSTCENTRE>
  <ISINVOICE>false</ISINVOICE>
  <VOUCHERNUMBER>32</VOUCHERNUMBER>
  <ISOPTIONAL>false</ISOPTIONAL>
  <NARRATION>being Transportation charges due for the month of Aug`07</NARRATION>
  <VOUCHERNUMBERSERIES>Default</VOUCHERNUMBERSERIES>
  <GSTREGISTRATION>Not Applicable</GSTREGISTRATION>
  <ISCANCELLED>false</ISCANCELLED>
  <OVRDNEWAYBILLAPPLICABILITY>false</OVRDNEWAYBILLAPPLICABILITY>
  <ALLLEDGERENTRIES.LIST>
   <INDEXNUMBER>1</INDEXNUMBER>
   <LEDGERNAME>Transportation &amp; Packaging</LEDGERNAME>
   <VCHLEDGERTYPE>Others</VCHLEDGERTYPE>
   <ISDEEMEDPOSITIVE>true</ISDEEMEDPOSITIVE>
   <ISPARTYLEDGER>false</ISPARTYLEDGER>
   <AMOUNT>
    <AMOUNT>5000</AMOUNT>
    <CURRENCY>₹</CURRENCY>
    <FOREXSYMBOL>- * -</FOREXSYMBOL>
    <ISDEBIT>true</ISDEBIT>
   </AMOUNT>
  </ALLLEDGERENTRIES.LIST>
  <ALLLEDGERENTRIES.LIST>
   <INDEXNUMBER>2</INDEXNUMBER>
   <LEDGERNAME>Jet Roadways (P) Ltd.,</LEDGERNAME>
   <VCHLEDGERTYPE>Others</VCHLEDGERTYPE>
   <ISDEEMEDPOSITIVE>false</ISDEEMEDPOSITIVE>
   <ISPARTYLEDGER>true</ISPARTYLEDGER>
   <AMOUNT>
    <AMOUNT>5000</AMOUNT>
    <CURRENCY>₹</CURRENCY>
    <FOREXSYMBOL>- * -</FOREXSYMBOL>
    <ISDEBIT>false</ISDEBIT>
   </AMOUNT>
   <BILLALLOCATIONS.LIST>
    <BILLTYPE>NewRef</BILLTYPE>
    <NAME>512</NAME>
    <AMOUNT>
     <AMOUNT>5000</AMOUNT>
     <CURRENCY>₹</CURRENCY>
     <FOREXSYMBOL>- * -</FOREXSYMBOL>
     <ISDEBIT>false</ISDEBIT>
    </AMOUNT>
   </BILLALLOCATIONS.LIST>
  </ALLLEDGERENTRIES.LIST>
 </VOUCHER>
 <VOUCHER>
  <GUID>52889497-5b6b-403d-8f83-224e3c7759b4-000001a3</GUID>
  <REMOTEALTGUID>52889497-5b6b-403d-8f83-224e3c7759b4</REMOTEALTGUID>
  <MASTERID>419</MASTERID>
  <ALTERID>7769</ALTERID>
  <ENTEREDBY>A</ENTEREDBY>
  <DATE>2016-08-31</DATE>
  <EFFECTIVEDATE>2016-08-31</EFFECTIVEDATE>
  <VOUCHERTYPENAME>Journal</VOUCHERTYPENAME>
  <PERSISTEDVIEW>AccountingVoucherView</PERSISTEDVIEW>
  <VCHGSTCLASS>Not Applicable</VCHGSTCLASS>
  <ISCOSTCENTRE>false</ISCOSTCENTRE>
  <ISINVOICE>false</ISINVOICE>
  <VOUCHERNUMBER>33</VOUCHERNUMBER>
  <ISOPTIONAL>false</ISOPTIONAL>
  <NARRATION>Being catering services due to The League club.</NARRATION>
  <VOUCHERNUMBERSERIES>Default</VOUCHERNUMBERSERIES>
  <GSTREGISTRATION>Not Applicable</GSTREGISTRATION>
  <ISCANCELLED>false</ISCANCELLED>
  <OVRDNEWAYBILLAPPLICABILITY>false</OVRDNEWAYBILLAPPLICABILITY>
  <ALLLEDGERENTRIES.LIST>
   <INDEXNUMBER>1</INDEXNUMBER>
   <LEDGERNAME>Staff Welfare Expenses</LEDGERNAME>
   <VCHLEDGERTYPE>Others</VCHLEDGERTYPE>
   <ISDEEMEDPOSITIVE>true</ISDEEMEDPOSITIVE>
   <ISPARTYLEDGER>false</ISPARTYLEDGER>
   <AMOUNT>
    <AMOUNT>7500</AMOUNT>
    <CURRENCY>₹</CURRENCY>
    <FOREXSYMBOL>- * -</FOREXSYMBOL>
    <ISDEBIT>true</ISDEBIT>
   </AMOUNT>
  </ALLLEDGERENTRIES.LIST>
  <ALLLEDGERENTRIES.LIST>
   <INDEXNUMBER>2</INDEXNUMBER>
   <LEDGERNAME>The League Club</LEDGERNAME>
   <VCHLEDGERTYPE>Others</VCHLEDGERTYPE>
   <ISDEEMEDPOSITIVE>false</ISDEEMEDPOSITIVE>
   <ISPARTYLEDGER>true</ISPARTYLEDGER>
   <AMOUNT>
    <AMOUNT>7500</AMOUNT>
    <CURRENCY>₹</CURRENCY>
    <FOREXSYMBOL>- * -</FOREXSYMBOL>
    <ISDEBIT>false</ISDEBIT>
   </AMOUNT>
   <BILLALLOCATIONS.LIST>
    <BILLTYPE>NewRef</BILLTYPE>
    <NAME>TCB/25301</NAME>
    <AMOUNT>
     <AMOUNT>7500</AMOUNT>
     <CURRENCY>₹</CURRENCY>
     <FOREXSYMBOL>- * -</FOREXSYMBOL>
     <ISDEBIT>false</ISDEBIT>
    </AMOUNT>
   </BILLALLOCATIONS.LIST>
  </ALLLEDGERENTRIES.LIST>
 </VOUCHER>
 <VOUCHER>
  <GUID>52889497-5b6b-403d-8f83-224e3c7759b4-00001333</GUID>
  <REMOTEALTGUID>52889497-5b6b-403d-8f83-224e3c7759b4</REMOTEALTGUID>
  <MASTERID>4915</MASTERID>
  <ALTERID>7778</ALTERID>
  <ENTEREDBY>A</ENTEREDBY>
  <DATE>2016-08-31</DATE>
  <EFFECTIVEDATE>2016-08-31</EFFECTIVEDATE>
  <VOUCHERTYPENAME>Journal</VOUCHERTYPENAME>
  <PERSISTEDVIEW>AccountingVoucherView</PERSISTEDVIEW>
  <VCHGSTCLASS>Not Applicable</VCHGSTCLASS>
  <ISCOSTCENTRE>false</ISCOSTCENTRE>
  <ISINVOICE>false</ISINVOICE>
  <VOUCHERNUMBER>34</VOUCHERNUMBER>
  <ISOPTIONAL>false</ISOPTIONAL>
  <VOUCHERNUMBERSERIES>Default</VOUCHERNUMBERSERIES>
  <GSTREGISTRATION>Not Applicable</GSTREGISTRATION>
  <ISCANCELLED>false</ISCANCELLED>
  <OVRDNEWAYBILLAPPLICABILITY>false</OVRDNEWAYBILLAPPLICABILITY>
  <ALLLEDGERENTRIES.LIST>
   <INDEXNUMBER>1</INDEXNUMBER>
   <LEDGERNAME>PF Admin Expense</LEDGERNAME>
   <VCHLEDGERTYPE>Others</VCHLEDGERTYPE>
   <ISDEEMEDPOSITIVE>true</ISDEEMEDPOSITIVE>
   <ISPARTYLEDGER>false</ISPARTYLEDGER>
   <AMOUNT>
    <AMOUNT>366.32</AMOUNT>
    <CURRENCY>₹</CURRENCY>
    <FOREXSYMBOL>- * -</FOREXSYMBOL>
    <ISDEBIT>true</ISDEBIT>
   </AMOUNT>
  </ALLLEDGERENTRIES.LIST>
  <ALLLEDGERENTRIES.LIST>
   <INDEXNUMBER>2</INDEXNUMBER>
   <LEDGERNAME>PF Admin Charges @ 1.10%</LEDGERNAME>
   <VCHLEDGERTYPE>Others</VCHLEDGERTYPE>
   <ISDEEMEDPOSITIVE>false</ISDEEMEDPOSITIVE>
   <ISPARTYLEDGER>false</ISPARTYLEDGER>
   <AMOUNT>
    <AMOUNT>351.12</AMOUNT>
    <CURRENCY>₹</CURRENCY>
    <FOREXSYMBOL>- * -</FOREXSYMBOL>
    <ISDEBIT>false</ISDEBIT>
   </AMOUNT>
  </ALLLEDGERENTRIES.LIST>
  <ALLLEDGERENTRIES.LIST>
   <INDEXNUMBER>3</INDEXNUMBER>
   <LEDGERNAME>DLI Contribution @ 0.5%</LEDGERNAME>
   <VCHLEDGERTYPE>Others</VCHLEDGERTYPE>
   <ISDEEMEDPOSITIVE>false</ISDEEMEDPOSITIVE>
   <ISPARTYLEDGER>false</ISPARTYLEDGER>
   <AMOUNT>
    <AMOUNT>12</AMOUNT>
    <CURRENCY>₹</CURRENCY>
    <FOREXSYMBOL>- * -</FOREXSYMBOL>
    <ISDEBIT>false</ISDEBIT>
   </AMOUNT>
  </ALLLEDGERENTRIES.LIST>
  <ALLLEDGERENTRIES.LIST>
   <INDEXNUMBER>4</INDEXNUMBER>
   <LEDGERNAME>EDLI Admin Charges @ 0.01%</LEDGERNAME>
   <VCHLEDGERTYPE>Others</VCHLEDGERTYPE>
   <ISDEEMEDPOSITIVE>false</ISDEEMEDPOSITIVE>
   <ISPARTYLEDGER>false</ISPARTYLEDGER>
   <AMOUNT>
    <AMOUNT>3.20</AMOUNT>
    <CURRENCY>₹</CURRENCY>
    <FOREXSYMBOL>- * -</FOREXSYMBOL>
    <ISDEBIT>false</ISDEBIT>
   </AMOUNT>
  </ALLLEDGERENTRIES.LIST>
 </VOUCHER>
 <VOUCHER>
  <GUID>52889497-5b6b-403d-8f83-224e3c7759b4-000001e8</GUID>
  <REMOTEALTGUID>52889497-5b6b-403d-8f83-224e3c7759b4</REMOTEALTGUID>
  <MASTERID>488</MASTERID>
  <ALTERID>7845</ALTERID>
  <ENTEREDBY>A</ENTEREDBY>
  <DATE>2016-09-29</DATE>
  <EFFECTIVEDATE>2016-09-29</EFFECTIVEDATE>
  <VOUCHERTYPENAME>Journal</VOUCHERTYPENAME>
  <PERSISTEDVIEW>AccountingVoucherView</PERSISTEDVIEW>
  <VCHGSTCLASS>Not Applicable</VCHGSTCLASS>
  <ISCOSTCENTRE>false</ISCOSTCENTRE>
  <ISINVOICE>false</ISINVOICE>
  <VOUCHERNUMBER>35</VOUCHERNUMBER>
  <ISOPTIONAL>false</ISOPTIONAL>
  <NARRATION>Being Petrol Expenses dur for Sep`07</NARRATION>
  <VOUCHERNUMBERSERIES>Default</VOUCHERNUMBERSERIES>
  <GSTREGISTRATION>Not Applicable</GSTREGISTRATION>
  <ISCANCELLED>false</ISCANCELLED>
  <OVRDNEWAYBILLAPPLICABILITY>false</OVRDNEWAYBILLAPPLICABILITY>
  <ALLLEDGERENTRIES.LIST>
   <INDEXNUMBER>1</INDEXNUMBER>
   <LEDGERNAME>Petrol Expenses</LEDGERNAME>
   <VCHLEDGERTYPE>Others</VCHLEDGERTYPE>
   <ISDEEMEDPOSITIVE>true</ISDEEMEDPOSITIVE>
   <ISPARTYLEDGER>false</ISPARTYLEDGER>
   <AMOUNT>
    <AMOUNT>3106</AMOUNT>
    <CURRENCY>₹</CURRENCY>
    <FOREXSYMBOL>- * -</FOREXSYMBOL>
    <ISDEBIT>true</ISDEBIT>
   </AMOUNT>
  </ALLLEDGERENTRIES.LIST>
  <ALLLEDGERENTRIES.LIST>
   <INDEXNUMBER>2</INDEXNUMBER>
   <LEDGERNAME>Bharat Petroleum</LEDGERNAME>
   <VCHLEDGERTYPE>Others</VCHLEDGERTYPE>
   <ISDEEMEDPOSITIVE>false</ISDEEMEDPOSITIVE>
   <ISPARTYLEDGER>true</ISPARTYLEDGER>
   <AMOUNT>
    <AMOUNT>3106</AMOUNT>
    <CURRENCY>₹</CURRENCY>
    <FOREXSYMBOL>- * -</FOREXSYMBOL>
    <ISDEBIT>false</ISDEBIT>
   </AMOUNT>
   <BILLALLOCATIONS.LIST>
    <BILLTYPE>NewRef</BILLTYPE>
    <NAME>1780</NAME>
    <AMOUNT>
     <AMOUNT>3106</AMOUNT>
     <CURRENCY>₹</CURRENCY>
     <FOREXSYMBOL>- * -</FOREXSYMBOL>
     <ISDEBIT>false</ISDEBIT>
    </AMOUNT>
   </BILLALLOCATIONS.LIST>
  </ALLLEDGERENTRIES.LIST>
 </VOUCHER>
 <VOUCHER>
  <GUID>52889497-5b6b-403d-8f83-224e3c7759b4-000001ec</GUID>
  <REMOTEALTGUID>52889497-5b6b-403d-8f83-224e3c7759b4</REMOTEALTGUID>
  <MASTERID>492</MASTERID>
  <ALTERID>7849</ALTERID>
  <ENTEREDBY>A</ENTEREDBY>
  <DATE>2016-09-30</DATE>
  <EFFECTIVEDATE>2016-09-30</EFFECTIVEDATE>
  <VOUCHERTYPENAME>Journal</VOUCHERTYPENAME>
  <PERSISTEDVIEW>AccountingVoucherView</PERSISTEDVIEW>
  <VCHGSTCLASS>Not Applicable</VCHGSTCLASS>
  <ISCOSTCENTRE>false</ISCOSTCENTRE>
  <ISINVOICE>false</ISINVOICE>
  <VOUCHERNUMBER>36</VOUCHERNUMBER>
  <ISOPTIONAL>false</ISOPTIONAL>
  <NARRATION>Being transportation charges on purchases.</NARRATION>
  <VOUCHERNUMBERSERIES>Default</VOUCHERNUMBERSERIES>
  <GSTREGISTRATION>Not Applicable</GSTREGISTRATION>
  <ISCANCELLED>false</ISCANCELLED>
  <OVRDNEWAYBILLAPPLICABILITY>false</OVRDNEWAYBILLAPPLICABILITY>
  <ALLLEDGERENTRIES.LIST>
   <INDEXNUMBER>1</INDEXNUMBER>
   <LEDGERNAME>Carriage Inwards</LEDGERNAME>
   <VCHLEDGERTYPE>Others</VCHLEDGERTYPE>
   <ISDEEMEDPOSITIVE>true</ISDEEMEDPOSITIVE>
   <ISPARTYLEDGER>false</ISPARTYLEDGER>
   <AMOUNT>
    <AMOUNT>1250</AMOUNT>
    <CURRENCY>₹</CURRENCY>
    <FOREXSYMBOL>- * -</FOREXSYMBOL>
    <ISDEBIT>true</ISDEBIT>
   </AMOUNT>
  </ALLLEDGERENTRIES.LIST>
  <ALLLEDGERENTRIES.LIST>
   <INDEXNUMBER>2</INDEXNUMBER>
   <LEDGERNAME>Pee Jee  Transports</LEDGERNAME>
   <VCHLEDGERTYPE>Others</VCHLEDGERTYPE>
   <ISDEEMEDPOSITIVE>false</ISDEEMEDPOSITIVE>
   <ISPARTYLEDGER>true</ISPARTYLEDGER>
   <AMOUNT>
    <AMOUNT>1250</AMOUNT>
    <CURRENCY>₹</CURRENCY>
    <FOREXSYMBOL>- * -</FOREXSYMBOL>
    <ISDEBIT>false</ISDEBIT>
   </AMOUNT>
   <BILLALLOCATIONS.LIST>
    <BILLTYPE>NewRef</BILLTYPE>
    <NAME>PJT/86</NAME>
    <BILLCREDITPERIOD>
     <DUEONDATE>2016-10-30</DUEONDATE>
     <INDAYS>30</INDAYS>
     <INTEXT>30 Days</INTEXT>
    </BILLCREDITPERIOD>
    <AMOUNT>
     <AMOUNT>1250</AMOUNT>
     <CURRENCY>₹</CURRENCY>
     <FOREXSYMBOL>- * -</FOREXSYMBOL>
     <ISDEBIT>false</ISDEBIT>
    </AMOUNT>
   </BILLALLOCATIONS.LIST>
  </ALLLEDGERENTRIES.LIST>
 </VOUCHER>
 <VOUCHER>
  <GUID>52889497-5b6b-403d-8f83-224e3c7759b4-000001ed</GUID>
  <REMOTEALTGUID>52889497-5b6b-403d-8f83-224e3c7759b4</REMOTEALTGUID>
  <MASTERID>493</MASTERID>
  <ALTERID>7850</ALTERID>
  <ENTEREDBY>A</ENTEREDBY>
  <DATE>2016-09-30</DATE>
  <EFFECTIVEDATE>2016-09-30</EFFECTIVEDATE>
  <VOUCHERTYPENAME>Journal</VOUCHERTYPENAME>
  <PERSISTEDVIEW>AccountingVoucherView</PERSISTEDVIEW>
  <VCHGSTCLASS>Not Applicable</VCHGSTCLASS>
  <ISCOSTCENTRE>false</ISCOSTCENTRE>
  <ISINVOICE>false</ISINVOICE>
  <VOUCHERNUMBER>37</VOUCHERNUMBER>
  <ISOPTIONAL>false</ISOPTIONAL>
  <NARRATION>Being Transportation charges due for the month of Sep`07</NARRATION>
  <VOUCHERNUMBERSERIES>Default</VOUCHERNUMBERSERIES>
  <GSTREGISTRATION>Not Applicable</GSTREGISTRATION>
  <ISCANCELLED>false</ISCANCELLED>
  <OVRDNEWAYBILLAPPLICABILITY>false</OVRDNEWAYBILLAPPLICABILITY>
  <ALLLEDGERENTRIES.LIST>
   <INDEXNUMBER>1</INDEXNUMBER>
   <LEDGERNAME>Transportation &amp; Packaging</LEDGERNAME>
   <VCHLEDGERTYPE>Others</VCHLEDGERTYPE>
   <ISDEEMEDPOSITIVE>true</ISDEEMEDPOSITIVE>
   <ISPARTYLEDGER>false</ISPARTYLEDGER>
   <AMOUNT>
    <AMOUNT>5000</AMOUNT>
    <CURRENCY>₹</CURRENCY>
    <FOREXSYMBOL>- * -</FOREXSYMBOL>
    <ISDEBIT>true</ISDEBIT>
   </AMOUNT>
  </ALLLEDGERENTRIES.LIST>
  <ALLLEDGERENTRIES.LIST>
   <INDEXNUMBER>2</INDEXNUMBER>
   <LEDGERNAME>Jet Roadways (P) Ltd.,</LEDGERNAME>
   <VCHLEDGERTYPE>Others</VCHLEDGERTYPE>
   <ISDEEMEDPOSITIVE>false</ISDEEMEDPOSITIVE>
   <ISPARTYLEDGER>true</ISPARTYLEDGER>
   <AMOUNT>
    <AMOUNT>5000</AMOUNT>
    <CURRENCY>₹</CURRENCY>
    <FOREXSYMBOL>- * -</FOREXSYMBOL>
    <ISDEBIT>false</ISDEBIT>
   </AMOUNT>
   <BILLALLOCATIONS.LIST>
    <BILLTYPE>NewRef</BILLTYPE>
    <NAME>563</NAME>
    <AMOUNT>
     <AMOUNT>5000</AMOUNT>
     <CURRENCY>₹</CURRENCY>
     <FOREXSYMBOL>- * -</FOREXSYMBOL>
     <ISDEBIT>false</ISDEBIT>
    </AMOUNT>
   </BILLALLOCATIONS.LIST>
  </ALLLEDGERENTRIES.LIST>
 </VOUCHER>
 <VOUCHER>
  <GUID>52889497-5b6b-403d-8f83-224e3c7759b4-00001347</GUID>
  <REMOTEALTGUID>52889497-5b6b-403d-8f83-224e3c7759b4</REMOTEALTGUID>
  <MASTERID>4935</MASTERID>
  <ALTERID>7858</ALTERID>
  <ENTEREDBY>A</ENTEREDBY>
  <DATE>2016-09-30</DATE>
  <EFFECTIVEDATE>2016-09-30</EFFECTIVEDATE>
  <VOUCHERTYPENAME>Journal</VOUCHERTYPENAME>
  <PERSISTEDVIEW>AccountingVoucherView</PERSISTEDVIEW>
  <VCHGSTCLASS>Not Applicable</VCHGSTCLASS>
  <ISCOSTCENTRE>false</ISCOSTCENTRE>
  <ISINVOICE>false</ISINVOICE>
  <VOUCHERNUMBER>38</VOUCHERNUMBER>
  <ISOPTIONAL>false</ISOPTIONAL>
  <VOUCHERNUMBERSERIES>Default</VOUCHERNUMBERSERIES>
  <GSTREGISTRATION>Not Applicable</GSTREGISTRATION>
  <ISCANCELLED>false</ISCANCELLED>
  <OVRDNEWAYBILLAPPLICABILITY>false</OVRDNEWAYBILLAPPLICABILITY>
  <ALLLEDGERENTRIES.LIST>
   <INDEXNUMBER>1</INDEXNUMBER>
   <LEDGERNAME>PF Admin Expense</LEDGERNAME>
   <VCHLEDGERTYPE>Others</VCHLEDGERTYPE>
   <ISDEEMEDPOSITIVE>true</ISDEEMEDPOSITIVE>
   <ISPARTYLEDGER>false</ISPARTYLEDGER>
   <AMOUNT>
    <AMOUNT>331.90</AMOUNT>
    <CURRENCY>₹</CURRENCY>
    <FOREXSYMBOL>- * -</FOREXSYMBOL>
    <ISDEBIT>true</ISDEBIT>
   </AMOUNT>
  </ALLLEDGERENTRIES.LIST>
  <ALLLEDGERENTRIES.LIST>
   <INDEXNUMBER>2</INDEXNUMBER>
   <LEDGERNAME>PF Admin Charges @ 1.10%</LEDGERNAME>
   <VCHLEDGERTYPE>Others</VCHLEDGERTYPE>
   <ISDEEMEDPOSITIVE>false</ISDEEMEDPOSITIVE>
   <ISPARTYLEDGER>false</ISPARTYLEDGER>
   <AMOUNT>
    <AMOUNT>319</AMOUNT>
    <CURRENCY>₹</CURRENCY>
    <FOREXSYMBOL>- * -</FOREXSYMBOL>
    <ISDEBIT>false</ISDEBIT>
   </AMOUNT>
  </ALLLEDGERENTRIES.LIST>
  <ALLLEDGERENTRIES.LIST>
   <INDEXNUMBER>3</INDEXNUMBER>
   <LEDGERNAME>DLI Contribution @ 0.5%</LEDGERNAME>
   <VCHLEDGERTYPE>Others</VCHLEDGERTYPE>
   <ISDEEMEDPOSITIVE>false</ISDEEMEDPOSITIVE>
   <ISPARTYLEDGER>false</ISPARTYLEDGER>
   <AMOUNT>
    <AMOUNT>10</AMOUNT>
    <CURRENCY>₹</CURRENCY>
    <FOREXSYMBOL>- * -</FOREXSYMBOL>
    <ISDEBIT>false</ISDEBIT>
   </AMOUNT>
  </ALLLEDGERENTRIES.LIST>
  <ALLLEDGERENTRIES.LIST>
   <INDEXNUMBER>4</INDEXNUMBER>
   <LEDGERNAME>EDLI Admin Charges @ 0.01%</LEDGERNAME>
   <VCHLEDGERTYPE>Others</VCHLEDGERTYPE>
   <ISDEEMEDPOSITIVE>false</ISDEEMEDPOSITIVE>
   <ISPARTYLEDGER>false</ISPARTYLEDGER>
   <AMOUNT>
    <AMOUNT>2.90</AMOUNT>
    <CURRENCY>₹</CURRENCY>
    <FOREXSYMBOL>- * -</FOREXSYMBOL>
    <ISDEBIT>false</ISDEBIT>
   </AMOUNT>
  </ALLLEDGERENTRIES.LIST>
 </VOUCHER>
 <VOUCHER>
  <GUID>52889497-5b6b-403d-8f83-224e3c7759b4-00000213</GUID>
  <REMOTEALTGUID>52889497-5b6b-403d-8f83-224e3c7759b4</REMOTEALTGUID>
  <MASTERID>531</MASTERID>
  <ALTERID>7891</ALTERID>
  <ENTEREDBY>A</ENTEREDBY>
  <DATE>2016-10-15</DATE>
  <EFFECTIVEDATE>2016-10-15</EFFECTIVEDATE>
  <VOUCHERTYPENAME>Journal</VOUCHERTYPENAME>
  <PERSISTEDVIEW>AccountingVoucherView</PERSISTEDVIEW>
  <VCHGSTCLASS>Not Applicable</VCHGSTCLASS>
  <ISCOSTCENTRE>false</ISCOSTCENTRE>
  <ISINVOICE>false</ISINVOICE>
  <VOUCHERNUMBER>39</VOUCHERNUMBER>
  <ISOPTIONAL>false</ISOPTIONAL>
  <NARRATION>Being Vehicle overhauling &amp; servicing expenses.</NARRATION>
  <VOUCHERNUMBERSERIES>Default</VOUCHERNUMBERSERIES>
  <GSTREGISTRATION>Not Applicable</GSTREGISTRATION>
  <ISCANCELLED>false</ISCANCELLED>
  <OVRDNEWAYBILLAPPLICABILITY>false</OVRDNEWAYBILLAPPLICABILITY>
  <ALLLEDGERENTRIES.LIST>
   <INDEXNUMBER>1</INDEXNUMBER>
   <LEDGERNAME>Vehicle Repairs &amp; Maintenance</LEDGERNAME>
   <VCHLEDGERTYPE>Others</VCHLEDGERTYPE>
   <ISDEEMEDPOSITIVE>true</ISDEEMEDPOSITIVE>
   <ISPARTYLEDGER>false</ISPARTYLEDGER>
   <AMOUNT>
    <AMOUNT>5455</AMOUNT>
    <CURRENCY>₹</CURRENCY>
    <FOREXSYMBOL>- * -</FOREXSYMBOL>
    <ISDEBIT>true</ISDEBIT>
   </AMOUNT>
  </ALLLEDGERENTRIES.LIST>
  <ALLLEDGERENTRIES.LIST>
   <INDEXNUMBER>2</INDEXNUMBER>
   <LEDGERNAME>Maruti Udyog Service Centre</LEDGERNAME>
   <VCHLEDGERTYPE>Others</VCHLEDGERTYPE>
   <ISDEEMEDPOSITIVE>false</ISDEEMEDPOSITIVE>
   <ISPARTYLEDGER>true</ISPARTYLEDGER>
   <AMOUNT>
    <AMOUNT>5455</AMOUNT>
    <CURRENCY>₹</CURRENCY>
    <FOREXSYMBOL>- * -</FOREXSYMBOL>
    <ISDEBIT>false</ISDEBIT>
   </AMOUNT>
   <BILLALLOCATIONS.LIST>
    <BILLTYPE>NewRef</BILLTYPE>
    <NAME>1255</NAME>
    <AMOUNT>
     <AMOUNT>5455</AMOUNT>
     <CURRENCY>₹</CURRENCY>
     <FOREXSYMBOL>- * -</FOREXSYMBOL>
     <ISDEBIT>false</ISDEBIT>
    </AMOUNT>
   </BILLALLOCATIONS.LIST>
  </ALLLEDGERENTRIES.LIST>
 </VOUCHER>
 <VOUCHER>
  <GUID>52889497-5b6b-403d-8f83-224e3c7759b4-00000214</GUID>
  <REMOTEALTGUID>52889497-5b6b-403d-8f83-224e3c7759b4</REMOTEALTGUID>
  <MASTERID>532</MASTERID>
  <ALTERID>7892</ALTERID>
  <ENTEREDBY>A</ENTEREDBY>
  <DATE>2016-10-15</DATE>
  <EFFECTIVEDATE>2016-10-15</EFFECTIVEDATE>
  <VOUCHERTYPENAME>Journal</VOUCHERTYPENAME>
  <PERSISTEDVIEW>AccountingVoucherView</PERSISTEDVIEW>
  <VCHGSTCLASS>Not Applicable</VCHGSTCLASS>
  <ISCOSTCENTRE>false</ISCOSTCENTRE>
  <ISINVOICE>false</ISINVOICE>
  <VOUCHERNUMBER>40</VOUCHERNUMBER>
  <ISOPTIONAL>false</ISOPTIONAL>
  <NARRATION>Being Consultancy charges due to Internal Auditors for auditing half yearly accounts. (Rs. 25,000 + Rs. 2550 ST)</NARRATION>
  <VOUCHERNUMBERSERIES>Default</VOUCHERNUMBERSERIES>
  <GSTREGISTRATION>Not Applicable</GSTREGISTRATION>
  <ISCANCELLED>false</ISCANCELLED>
  <OVRDNEWAYBILLAPPLICABILITY>false</OVRDNEWAYBILLAPPLICABILITY>
  <ALLLEDGERENTRIES.LIST>
   <INDEXNUMBER>1</INDEXNUMBER>
   <LEDGERNAME>Professional &amp; Consultancy Charges</LEDGERNAME>
   <VCHLEDGERTYPE>Others</VCHLEDGERTYPE>
   <ISDEEMEDPOSITIVE>true</ISDEEMEDPOSITIVE>
   <ISPARTYLEDGER>false</ISPARTYLEDGER>
   <AMOUNT>
    <AMOUNT>27550</AMOUNT>
    <CURRENCY>₹</CURRENCY>
    <FOREXSYMBOL>- * -</FOREXSYMBOL>
    <ISDEBIT>true</ISDEBIT>
   </AMOUNT>
  </ALLLEDGERENTRIES.LIST>
  <ALLLEDGERENTRIES.LIST>
   <INDEXNUMBER>2</INDEXNUMBER>
   <LEDGERNAME>Paneer Selvam &amp; Associates</LEDGERNAME>
   <VCHLEDGERTYPE>Others</VCHLEDGERTYPE>
   <ISDEEMEDPOSITIVE>false</ISDEEMEDPOSITIVE>
   <ISPARTYLEDGER>true</ISPARTYLEDGER>
   <AMOUNT>
    <AMOUNT>27550</AMOUNT>
    <CURRENCY>₹</CURRENCY>
    <FOREXSYMBOL>- * -</FOREXSYMBOL>
    <ISDEBIT>false</ISDEBIT>
   </AMOUNT>
   <BILLALLOCATIONS.LIST>
    <BILLTYPE>NewRef</BILLTYPE>
    <NAME>PSA/56</NAME>
    <AMOUNT>
     <AMOUNT>27550</AMOUNT>
     <CURRENCY>₹</CURRENCY>
     <FOREXSYMBOL>- * -</FOREXSYMBOL>
     <ISDEBIT>false</ISDEBIT>
    </AMOUNT>
   </BILLALLOCATIONS.LIST>
  </ALLLEDGERENTRIES.LIST>
 </VOUCHER>
 <VOUCHER>
  <GUID>52889497-5b6b-403d-8f83-224e3c7759b4-00000216</GUID>
  <REMOTEALTGUID>52889497-5b6b-403d-8f83-224e3c7759b4</REMOTEALTGUID>
  <MASTERID>534</MASTERID>
  <ALTERID>7894</ALTERID>
  <ENTEREDBY>A</ENTEREDBY>
  <DATE>2016-10-16</DATE>
  <EFFECTIVEDATE>2016-10-16</EFFECTIVEDATE>
  <VOUCHERTYPENAME>Journal</VOUCHERTYPENAME>
  <PERSISTEDVIEW>AccountingVoucherView</PERSISTEDVIEW>
  <VCHGSTCLASS>Not Applicable</VCHGSTCLASS>
  <ISCOSTCENTRE>false</ISCOSTCENTRE>
  <ISINVOICE>false</ISINVOICE>
  <VOUCHERNUMBER>41</VOUCHERNUMBER>
  <ISOPTIONAL>false</ISOPTIONAL>
  <NARRATION>seminar fees paid to CII , Calcutta , chapter paid through credit card</NARRATION>
  <VOUCHERNUMBERSERIES>Default</VOUCHERNUMBERSERIES>
  <GSTREGISTRATION>Not Applicable</GSTREGISTRATION>
  <ISCANCELLED>false</ISCANCELLED>
  <OVRDNEWAYBILLAPPLICABILITY>false</OVRDNEWAYBILLAPPLICABILITY>
  <ALLLEDGERENTRIES.LIST>
   <INDEXNUMBER>1</INDEXNUMBER>
   <LEDGERNAME>Training &amp; Orientation Expenses</LEDGERNAME>
   <VCHLEDGERTYPE>Others</VCHLEDGERTYPE>
   <ISDEEMEDPOSITIVE>true</ISDEEMEDPOSITIVE>
   <ISPARTYLEDGER>false</ISPARTYLEDGER>
   <AMOUNT>
    <AMOUNT>6500</AMOUNT>
    <CURRENCY>₹</CURRENCY>
    <FOREXSYMBOL>- * -</FOREXSYMBOL>
    <ISDEBIT>true</ISDEBIT>
   </AMOUNT>
  </ALLLEDGERENTRIES.LIST>
  <ALLLEDGERENTRIES.LIST>
   <INDEXNUMBER>2</INDEXNUMBER>
   <LEDGERNAME>HDFC Silver Credit Card</LEDGERNAME>
   <VCHLEDGERTYPE>Others</VCHLEDGERTYPE>
   <ISDEEMEDPOSITIVE>false</ISDEEMEDPOSITIVE>
   <ISPARTYLEDGER>false</ISPARTYLEDGER>
   <AMOUNT>
    <AMOUNT>6500</AMOUNT>
    <CURRENCY>₹</CURRENCY>
    <FOREXSYMBOL>- * -</FOREXSYMBOL>
    <ISDEBIT>false</ISDEBIT>
   </AMOUNT>
  </ALLLEDGERENTRIES.LIST>
 </VOUCHER>
 <VOUCHER>
  <GUID>52889497-5b6b-403d-8f83-224e3c7759b4-0000023b</GUID>
  <REMOTEALTGUID>52889497-5b6b-403d-8f83-224e3c7759b4</REMOTEALTGUID>
  <MASTERID>571</MASTERID>
  <ALTERID>7935</ALTERID>
  <ENTEREDBY>A</ENTEREDBY>
  <DATE>2016-10-31</DATE>
  <EFFECTIVEDATE>2016-10-31</EFFECTIVEDATE>
  <VOUCHERTYPENAME>Journal</VOUCHERTYPENAME>
  <PERSISTEDVIEW>AccountingVoucherView</PERSISTEDVIEW>
  <VCHGSTCLASS>Not Applicable</VCHGSTCLASS>
  <ISCOSTCENTRE>false</ISCOSTCENTRE>
  <ISINVOICE>false</ISINVOICE>
  <VOUCHERNUMBER>42</VOUCHERNUMBER>
  <ISOPTIONAL>false</ISOPTIONAL>
  <NARRATION>Being Petrol Expenses dur for Oct`07.</NARRATION>
  <VOUCHERNUMBERSERIES>Default</VOUCHERNUMBERSERIES>
  <GSTREGISTRATION>Not Applicable</GSTREGISTRATION>
  <ISCANCELLED>false</ISCANCELLED>
  <OVRDNEWAYBILLAPPLICABILITY>false</OVRDNEWAYBILLAPPLICABILITY>
  <ALLLEDGERENTRIES.LIST>
   <INDEXNUMBER>1</INDEXNUMBER>
   <LEDGERNAME>Petrol Expenses</LEDGERNAME>
   <VCHLEDGERTYPE>Others</VCHLEDGERTYPE>
   <ISDEEMEDPOSITIVE>true</ISDEEMEDPOSITIVE>
   <ISPARTYLEDGER>false</ISPARTYLEDGER>
   <AMOUNT>
    <AMOUNT>2980</AMOUNT>
    <CURRENCY>₹</CURRENCY>
    <FOREXSYMBOL>- * -</FOREXSYMBOL>
    <ISDEBIT>true</ISDEBIT>
   </AMOUNT>
  </ALLLEDGERENTRIES.LIST>
  <ALLLEDGERENTRIES.LIST>
   <INDEXNUMBER>2</INDEXNUMBER>
   <LEDGERNAME>Bharat Petroleum</LEDGERNAME>
   <VCHLEDGERTYPE>Others</VCHLEDGERTYPE>
   <ISDEEMEDPOSITIVE>false</ISDEEMEDPOSITIVE>
   <ISPARTYLEDGER>true</ISPARTYLEDGER>
   <AMOUNT>
    <AMOUNT>2980</AMOUNT>
    <CURRENCY>₹</CURRENCY>
    <FOREXSYMBOL>- * -</FOREXSYMBOL>
    <ISDEBIT>false</ISDEBIT>
   </AMOUNT>
   <BILLALLOCATIONS.LIST>
    <BILLTYPE>NewRef</BILLTYPE>
    <NAME>2058</NAME>
    <AMOUNT>
     <AMOUNT>2980</AMOUNT>
     <CURRENCY>₹</CURRENCY>
     <FOREXSYMBOL>- * -</FOREXSYMBOL>
     <ISDEBIT>false</ISDEBIT>
    </AMOUNT>
   </BILLALLOCATIONS.LIST>
  </ALLLEDGERENTRIES.LIST>
 </VOUCHER>
 <VOUCHER>
  <GUID>52889497-5b6b-403d-8f83-224e3c7759b4-0000023c</GUID>
  <REMOTEALTGUID>52889497-5b6b-403d-8f83-224e3c7759b4</REMOTEALTGUID>
  <MASTERID>572</MASTERID>
  <ALTERID>7936</ALTERID>
  <ENTEREDBY>A</ENTEREDBY>
  <DATE>2016-10-31</DATE>
  <EFFECTIVEDATE>2016-10-31</EFFECTIVEDATE>
  <VOUCHERTYPENAME>Journal</VOUCHERTYPENAME>
  <PERSISTEDVIEW>AccountingVoucherView</PERSISTEDVIEW>
  <VCHGSTCLASS>Not Applicable</VCHGSTCLASS>
  <ISCOSTCENTRE>false</ISCOSTCENTRE>
  <ISINVOICE>false</ISINVOICE>
  <VOUCHERNUMBER>43</VOUCHERNUMBER>
  <ISOPTIONAL>false</ISOPTIONAL>
  <NARRATION>Being transportation charges on purchases.</NARRATION>
  <VOUCHERNUMBERSERIES>Default</VOUCHERNUMBERSERIES>
  <GSTREGISTRATION>Not Applicable</GSTREGISTRATION>
  <ISCANCELLED>false</ISCANCELLED>
  <OVRDNEWAYBILLAPPLICABILITY>false</OVRDNEWAYBILLAPPLICABILITY>
  <ALLLEDGERENTRIES.LIST>
   <INDEXNUMBER>1</INDEXNUMBER>
   <LEDGERNAME>Carriage Inwards</LEDGERNAME>
   <VCHLEDGERTYPE>Others</VCHLEDGERTYPE>
   <ISDEEMEDPOSITIVE>true</ISDEEMEDPOSITIVE>
   <ISPARTYLEDGER>false</ISPARTYLEDGER>
   <AMOUNT>
    <AMOUNT>1250</AMOUNT>
    <CURRENCY>₹</CURRENCY>
    <FOREXSYMBOL>- * -</FOREXSYMBOL>
    <ISDEBIT>true</ISDEBIT>
   </AMOUNT>
  </ALLLEDGERENTRIES.LIST>
  <ALLLEDGERENTRIES.LIST>
   <INDEXNUMBER>2</INDEXNUMBER>
   <LEDGERNAME>Pee Jee  Transports</LEDGERNAME>
   <VCHLEDGERTYPE>Others</VCHLEDGERTYPE>
   <ISDEEMEDPOSITIVE>false</ISDEEMEDPOSITIVE>
   <ISPARTYLEDGER>true</ISPARTYLEDGER>
   <AMOUNT>
    <AMOUNT>1250</AMOUNT>
    <CURRENCY>₹</CURRENCY>
    <FOREXSYMBOL>- * -</FOREXSYMBOL>
    <ISDEBIT>false</ISDEBIT>
   </AMOUNT>
   <BILLALLOCATIONS.LIST>
    <BILLTYPE>NewRef</BILLTYPE>
    <NAME>PJT/97</NAME>
    <BILLCREDITPERIOD>
     <DUEONDATE>2016-11-30</DUEONDATE>
     <INDAYS>30</INDAYS>
     <INTEXT>30 Days</INTEXT>
    </BILLCREDITPERIOD>
    <AMOUNT>
     <AMOUNT>1250</AMOUNT>
     <CURRENCY>₹</CURRENCY>
     <FOREXSYMBOL>- * -</FOREXSYMBOL>
     <ISDEBIT>false</ISDEBIT>
    </AMOUNT>
   </BILLALLOCATIONS.LIST>
  </ALLLEDGERENTRIES.LIST>
 </VOUCHER>
 <VOUCHER>
  <GUID>52889497-5b6b-403d-8f83-224e3c7759b4-0000023d</GUID>
  <REMOTEALTGUID>52889497-5b6b-403d-8f83-224e3c7759b4</REMOTEALTGUID>
  <MASTERID>573</MASTERID>
  <ALTERID>7937</ALTERID>
  <ENTEREDBY>A</ENTEREDBY>
  <DATE>2016-10-31</DATE>
  <EFFECTIVEDATE>2016-10-31</EFFECTIVEDATE>
  <VOUCHERTYPENAME>Journal</VOUCHERTYPENAME>
  <PERSISTEDVIEW>AccountingVoucherView</PERSISTEDVIEW>
  <VCHGSTCLASS>Not Applicable</VCHGSTCLASS>
  <ISCOSTCENTRE>false</ISCOSTCENTRE>
  <ISINVOICE>false</ISINVOICE>
  <VOUCHERNUMBER>44</VOUCHERNUMBER>
  <ISOPTIONAL>false</ISOPTIONAL>
  <NARRATION>Being Transportation charges due for the month of Oct`07</NARRATION>
  <VOUCHERNUMBERSERIES>Default</VOUCHERNUMBERSERIES>
  <GSTREGISTRATION>Not Applicable</GSTREGISTRATION>
  <ISCANCELLED>false</ISCANCELLED>
  <OVRDNEWAYBILLAPPLICABILITY>false</OVRDNEWAYBILLAPPLICABILITY>
  <ALLLEDGERENTRIES.LIST>
   <INDEXNUMBER>1</INDEXNUMBER>
   <LEDGERNAME>Transportation &amp; Packaging</LEDGERNAME>
   <VCHLEDGERTYPE>Others</VCHLEDGERTYPE>
   <ISDEEMEDPOSITIVE>true</ISDEEMEDPOSITIVE>
   <ISPARTYLEDGER>false</ISPARTYLEDGER>
   <AMOUNT>
    <AMOUNT>7500</AMOUNT>
    <CURRENCY>₹</CURRENCY>
    <FOREXSYMBOL>- * -</FOREXSYMBOL>
    <ISDEBIT>true</ISDEBIT>
   </AMOUNT>
  </ALLLEDGERENTRIES.LIST>
  <ALLLEDGERENTRIES.LIST>
   <INDEXNUMBER>2</INDEXNUMBER>
   <LEDGERNAME>Jet Roadways (P) Ltd.,</LEDGERNAME>
   <VCHLEDGERTYPE>Others</VCHLEDGERTYPE>
   <ISDEEMEDPOSITIVE>false</ISDEEMEDPOSITIVE>
   <ISPARTYLEDGER>true</ISPARTYLEDGER>
   <AMOUNT>
    <AMOUNT>7500</AMOUNT>
    <CURRENCY>₹</CURRENCY>
    <FOREXSYMBOL>- * -</FOREXSYMBOL>
    <ISDEBIT>false</ISDEBIT>
   </AMOUNT>
   <BILLALLOCATIONS.LIST>
    <BILLTYPE>NewRef</BILLTYPE>
    <NAME>613</NAME>
    <AMOUNT>
     <AMOUNT>7500</AMOUNT>
     <CURRENCY>₹</CURRENCY>
     <FOREXSYMBOL>- * -</FOREXSYMBOL>
     <ISDEBIT>false</ISDEBIT>
    </AMOUNT>
   </BILLALLOCATIONS.LIST>
  </ALLLEDGERENTRIES.LIST>
 </VOUCHER>
 <VOUCHER>
  <GUID>52889497-5b6b-403d-8f83-224e3c7759b4-0000135a</GUID>
  <REMOTEALTGUID>52889497-5b6b-403d-8f83-224e3c7759b4</REMOTEALTGUID>
  <MASTERID>4954</MASTERID>
  <ALTERID>7947</ALTERID>
  <ENTEREDBY>A</ENTEREDBY>
  <DATE>2016-10-31</DATE>
  <EFFECTIVEDATE>2016-10-31</EFFECTIVEDATE>
  <VOUCHERTYPENAME>Journal</VOUCHERTYPENAME>
  <PERSISTEDVIEW>AccountingVoucherView</PERSISTEDVIEW>
  <VCHGSTCLASS>Not Applicable</VCHGSTCLASS>
  <ISCOSTCENTRE>false</ISCOSTCENTRE>
  <ISINVOICE>false</ISINVOICE>
  <VOUCHERNUMBER>45</VOUCHERNUMBER>
  <ISOPTIONAL>false</ISOPTIONAL>
  <VOUCHERNUMBERSERIES>Default</VOUCHERNUMBERSERIES>
  <GSTREGISTRATION>Not Applicable</GSTREGISTRATION>
  <ISCANCELLED>false</ISCANCELLED>
  <OVRDNEWAYBILLAPPLICABILITY>false</OVRDNEWAYBILLAPPLICABILITY>
  <ALLLEDGERENTRIES.LIST>
   <INDEXNUMBER>1</INDEXNUMBER>
   <LEDGERNAME>PF Admin Expense</LEDGERNAME>
   <VCHLEDGERTYPE>Others</VCHLEDGERTYPE>
   <ISDEEMEDPOSITIVE>true</ISDEEMEDPOSITIVE>
   <ISPARTYLEDGER>false</ISPARTYLEDGER>
   <AMOUNT>
    <AMOUNT>331.90</AMOUNT>
    <CURRENCY>₹</CURRENCY>
    <FOREXSYMBOL>- * -</FOREXSYMBOL>
    <ISDEBIT>true</ISDEBIT>
   </AMOUNT>
  </ALLLEDGERENTRIES.LIST>
  <ALLLEDGERENTRIES.LIST>
   <INDEXNUMBER>2</INDEXNUMBER>
   <LEDGERNAME>PF Admin Charges @ 1.10%</LEDGERNAME>
   <VCHLEDGERTYPE>Others</VCHLEDGERTYPE>
   <ISDEEMEDPOSITIVE>false</ISDEEMEDPOSITIVE>
   <ISPARTYLEDGER>false</ISPARTYLEDGER>
   <AMOUNT>
    <AMOUNT>319</AMOUNT>
    <CURRENCY>₹</CURRENCY>
    <FOREXSYMBOL>- * -</FOREXSYMBOL>
    <ISDEBIT>false</ISDEBIT>
   </AMOUNT>
  </ALLLEDGERENTRIES.LIST>
  <ALLLEDGERENTRIES.LIST>
   <INDEXNUMBER>3</INDEXNUMBER>
   <LEDGERNAME>DLI Contribution @ 0.5%</LEDGERNAME>
   <VCHLEDGERTYPE>Others</VCHLEDGERTYPE>
   <ISDEEMEDPOSITIVE>false</ISDEEMEDPOSITIVE>
   <ISPARTYLEDGER>false</ISPARTYLEDGER>
   <AMOUNT>
    <AMOUNT>10</AMOUNT>
    <CURRENCY>₹</CURRENCY>
    <FOREXSYMBOL>- * -</FOREXSYMBOL>
    <ISDEBIT>false</ISDEBIT>
   </AMOUNT>
  </ALLLEDGERENTRIES.LIST>
  <ALLLEDGERENTRIES.LIST>
   <INDEXNUMBER>4</INDEXNUMBER>
   <LEDGERNAME>EDLI Admin Charges @ 0.01%</LEDGERNAME>
   <VCHLEDGERTYPE>Others</VCHLEDGERTYPE>
   <ISDEEMEDPOSITIVE>false</ISDEEMEDPOSITIVE>
   <ISPARTYLEDGER>false</ISPARTYLEDGER>
   <AMOUNT>
    <AMOUNT>2.90</AMOUNT>
    <CURRENCY>₹</CURRENCY>
    <FOREXSYMBOL>- * -</FOREXSYMBOL>
    <ISDEBIT>false</ISDEBIT>
   </AMOUNT>
  </ALLLEDGERENTRIES.LIST>
 </VOUCHER>
 <VOUCHER>
  <GUID>52889497-5b6b-403d-8f83-224e3c7759b4-00000288</GUID>
  <REMOTEALTGUID>52889497-5b6b-403d-8f83-224e3c7759b4</REMOTEALTGUID>
  <MASTERID>648</MASTERID>
  <ALTERID>8024</ALTERID>
  <ENTEREDBY>A</ENTEREDBY>
  <DATE>2016-11-30</DATE>
  <EFFECTIVEDATE>2016-11-30</EFFECTIVEDATE>
  <VOUCHERTYPENAME>Journal</VOUCHERTYPENAME>
  <PERSISTEDVIEW>AccountingVoucherView</PERSISTEDVIEW>
  <VCHGSTCLASS>Not Applicable</VCHGSTCLASS>
  <ISCOSTCENTRE>false</ISCOSTCENTRE>
  <ISINVOICE>false</ISINVOICE>
  <VOUCHERNUMBER>47</VOUCHERNUMBER>
  <ISOPTIONAL>false</ISOPTIONAL>
  <NARRATION>Being Petrol Expenses dur for Nov`07</NARRATION>
  <VOUCHERNUMBERSERIES>Default</VOUCHERNUMBERSERIES>
  <GSTREGISTRATION>Not Applicable</GSTREGISTRATION>
  <ISCANCELLED>false</ISCANCELLED>
  <OVRDNEWAYBILLAPPLICABILITY>false</OVRDNEWAYBILLAPPLICABILITY>
  <ALLLEDGERENTRIES.LIST>
   <INDEXNUMBER>1</INDEXNUMBER>
   <LEDGERNAME>Petrol Expenses</LEDGERNAME>
   <VCHLEDGERTYPE>Others</VCHLEDGERTYPE>
   <ISDEEMEDPOSITIVE>true</ISDEEMEDPOSITIVE>
   <ISPARTYLEDGER>false</ISPARTYLEDGER>
   <AMOUNT>
    <AMOUNT>2136</AMOUNT>
    <CURRENCY>₹</CURRENCY>
    <FOREXSYMBOL>- * -</FOREXSYMBOL>
    <ISDEBIT>true</ISDEBIT>
   </AMOUNT>
  </ALLLEDGERENTRIES.LIST>
  <ALLLEDGERENTRIES.LIST>
   <INDEXNUMBER>2</INDEXNUMBER>
   <LEDGERNAME>Bharat Petroleum</LEDGERNAME>
   <VCHLEDGERTYPE>Others</VCHLEDGERTYPE>
   <ISDEEMEDPOSITIVE>false</ISDEEMEDPOSITIVE>
   <ISPARTYLEDGER>true</ISPARTYLEDGER>
   <AMOUNT>
    <AMOUNT>2136</AMOUNT>
    <CURRENCY>₹</CURRENCY>
    <FOREXSYMBOL>- * -</FOREXSYMBOL>
    <ISDEBIT>false</ISDEBIT>
   </AMOUNT>
   <BILLALLOCATIONS.LIST>
    <BILLTYPE>NewRef</BILLTYPE>
    <NAME>2555</NAME>
    <AMOUNT>
     <AMOUNT>2136</AMOUNT>
     <CURRENCY>₹</CURRENCY>
     <FOREXSYMBOL>- * -</FOREXSYMBOL>
     <ISDEBIT>false</ISDEBIT>
    </AMOUNT>
   </BILLALLOCATIONS.LIST>
  </ALLLEDGERENTRIES.LIST>
 </VOUCHER>
 <VOUCHER>
  <GUID>52889497-5b6b-403d-8f83-224e3c7759b4-00000289</GUID>
  <REMOTEALTGUID>52889497-5b6b-403d-8f83-224e3c7759b4</REMOTEALTGUID>
  <MASTERID>649</MASTERID>
  <ALTERID>8025</ALTERID>
  <ENTEREDBY>A</ENTEREDBY>
  <DATE>2016-11-30</DATE>
  <EFFECTIVEDATE>2016-11-30</EFFECTIVEDATE>
  <VOUCHERTYPENAME>Journal</VOUCHERTYPENAME>
  <PERSISTEDVIEW>AccountingVoucherView</PERSISTEDVIEW>
  <VCHGSTCLASS>Not Applicable</VCHGSTCLASS>
  <ISCOSTCENTRE>false</ISCOSTCENTRE>
  <ISINVOICE>false</ISINVOICE>
  <VOUCHERNUMBER>48</VOUCHERNUMBER>
  <ISOPTIONAL>false</ISOPTIONAL>
  <NARRATION>Being transportation charges on purchases.</NARRATION>
  <VOUCHERNUMBERSERIES>Default</VOUCHERNUMBERSERIES>
  <GSTREGISTRATION>Not Applicable</GSTREGISTRATION>
  <ISCANCELLED>false</ISCANCELLED>
  <OVRDNEWAYBILLAPPLICABILITY>false</OVRDNEWAYBILLAPPLICABILITY>
  <ALLLEDGERENTRIES.LIST>
   <INDEXNUMBER>1</INDEXNUMBER>
   <LEDGERNAME>Carriage Inwards</LEDGERNAME>
   <VCHLEDGERTYPE>Others</VCHLEDGERTYPE>
   <ISDEEMEDPOSITIVE>true</ISDEEMEDPOSITIVE>
   <ISPARTYLEDGER>false</ISPARTYLEDGER>
   <AMOUNT>
    <AMOUNT>1250</AMOUNT>
    <CURRENCY>₹</CURRENCY>
    <FOREXSYMBOL>- * -</FOREXSYMBOL>
    <ISDEBIT>true</ISDEBIT>
   </AMOUNT>
  </ALLLEDGERENTRIES.LIST>
  <ALLLEDGERENTRIES.LIST>
   <INDEXNUMBER>2</INDEXNUMBER>
   <LEDGERNAME>Pee Jee  Transports</LEDGERNAME>
   <VCHLEDGERTYPE>Others</VCHLEDGERTYPE>
   <ISDEEMEDPOSITIVE>false</ISDEEMEDPOSITIVE>
   <ISPARTYLEDGER>true</ISPARTYLEDGER>
   <AMOUNT>
    <AMOUNT>1250</AMOUNT>
    <CURRENCY>₹</CURRENCY>
    <FOREXSYMBOL>- * -</FOREXSYMBOL>
    <ISDEBIT>false</ISDEBIT>
   </AMOUNT>
   <BILLALLOCATIONS.LIST>
    <BILLTYPE>NewRef</BILLTYPE>
    <NAME>PJT/123</NAME>
    <BILLCREDITPERIOD>
     <DUEONDATE>2016-12-30</DUEONDATE>
     <INDAYS>30</INDAYS>
     <INTEXT>30 Days</INTEXT>
    </BILLCREDITPERIOD>
    <AMOUNT>
     <AMOUNT>1250</AMOUNT>
     <CURRENCY>₹</CURRENCY>
     <FOREXSYMBOL>- * -</FOREXSYMBOL>
     <ISDEBIT>false</ISDEBIT>
    </AMOUNT>
   </BILLALLOCATIONS.LIST>
  </ALLLEDGERENTRIES.LIST>
 </VOUCHER>
 <VOUCHER>
  <GUID>52889497-5b6b-403d-8f83-224e3c7759b4-0000028a</GUID>
  <REMOTEALTGUID>52889497-5b6b-403d-8f83-224e3c7759b4</REMOTEALTGUID>
  <MASTERID>650</MASTERID>
  <ALTERID>8026</ALTERID>
  <ENTEREDBY>A</ENTEREDBY>
  <DATE>2016-11-30</DATE>
  <EFFECTIVEDATE>2016-11-30</EFFECTIVEDATE>
  <VOUCHERTYPENAME>Journal</VOUCHERTYPENAME>
  <PERSISTEDVIEW>AccountingVoucherView</PERSISTEDVIEW>
  <VCHGSTCLASS>Not Applicable</VCHGSTCLASS>
  <ISCOSTCENTRE>false</ISCOSTCENTRE>
  <ISINVOICE>false</ISINVOICE>
  <VOUCHERNUMBER>49</VOUCHERNUMBER>
  <ISOPTIONAL>false</ISOPTIONAL>
  <NARRATION>Being Transportation charges due for the month of Nov`07</NARRATION>
  <VOUCHERNUMBERSERIES>Default</VOUCHERNUMBERSERIES>
  <GSTREGISTRATION>Not Applicable</GSTREGISTRATION>
  <ISCANCELLED>false</ISCANCELLED>
  <OVRDNEWAYBILLAPPLICABILITY>false</OVRDNEWAYBILLAPPLICABILITY>
  <ALLLEDGERENTRIES.LIST>
   <INDEXNUMBER>1</INDEXNUMBER>
   <LEDGERNAME>Transportation &amp; Packaging</LEDGERNAME>
   <VCHLEDGERTYPE>Others</VCHLEDGERTYPE>
   <ISDEEMEDPOSITIVE>true</ISDEEMEDPOSITIVE>
   <ISPARTYLEDGER>false</ISPARTYLEDGER>
   <AMOUNT>
    <AMOUNT>5000</AMOUNT>
    <CURRENCY>₹</CURRENCY>
    <FOREXSYMBOL>- * -</FOREXSYMBOL>
    <ISDEBIT>true</ISDEBIT>
   </AMOUNT>
  </ALLLEDGERENTRIES.LIST>
  <ALLLEDGERENTRIES.LIST>
   <INDEXNUMBER>2</INDEXNUMBER>
   <LEDGERNAME>Jet Roadways (P) Ltd.,</LEDGERNAME>
   <VCHLEDGERTYPE>Others</VCHLEDGERTYPE>
   <ISDEEMEDPOSITIVE>false</ISDEEMEDPOSITIVE>
   <ISPARTYLEDGER>true</ISPARTYLEDGER>
   <AMOUNT>
    <AMOUNT>5000</AMOUNT>
    <CURRENCY>₹</CURRENCY>
    <FOREXSYMBOL>- * -</FOREXSYMBOL>
    <ISDEBIT>false</ISDEBIT>
   </AMOUNT>
   <BILLALLOCATIONS.LIST>
    <BILLTYPE>NewRef</BILLTYPE>
    <NAME>752</NAME>
    <AMOUNT>
     <AMOUNT>5000</AMOUNT>
     <CURRENCY>₹</CURRENCY>
     <FOREXSYMBOL>- * -</FOREXSYMBOL>
     <ISDEBIT>false</ISDEBIT>
    </AMOUNT>
   </BILLALLOCATIONS.LIST>
  </ALLLEDGERENTRIES.LIST>
 </VOUCHER>
 <VOUCHER>
  <GUID>52889497-5b6b-403d-8f83-224e3c7759b4-00001374</GUID>
  <REMOTEALTGUID>52889497-5b6b-403d-8f83-224e3c7759b4</REMOTEALTGUID>
  <MASTERID>4980</MASTERID>
  <ALTERID>8040</ALTERID>
  <ENTEREDBY>A</ENTEREDBY>
  <DATE>2016-11-30</DATE>
  <EFFECTIVEDATE>2016-11-30</EFFECTIVEDATE>
  <VOUCHERTYPENAME>Journal</VOUCHERTYPENAME>
  <PERSISTEDVIEW>AccountingVoucherView</PERSISTEDVIEW>
  <VCHGSTCLASS>Not Applicable</VCHGSTCLASS>
  <ISCOSTCENTRE>false</ISCOSTCENTRE>
  <ISINVOICE>false</ISINVOICE>
  <VOUCHERNUMBER>50</VOUCHERNUMBER>
  <ISOPTIONAL>false</ISOPTIONAL>
  <VOUCHERNUMBERSERIES>Default</VOUCHERNUMBERSERIES>
  <GSTREGISTRATION>Not Applicable</GSTREGISTRATION>
  <ISCANCELLED>false</ISCANCELLED>
  <OVRDNEWAYBILLAPPLICABILITY>false</OVRDNEWAYBILLAPPLICABILITY>
  <ALLLEDGERENTRIES.LIST>
   <INDEXNUMBER>1</INDEXNUMBER>
   <LEDGERNAME>PF Admin Expense</LEDGERNAME>
   <VCHLEDGERTYPE>Others</VCHLEDGERTYPE>
   <ISDEEMEDPOSITIVE>true</ISDEEMEDPOSITIVE>
   <ISPARTYLEDGER>false</ISPARTYLEDGER>
   <AMOUNT>
    <AMOUNT>330.04</AMOUNT>
    <CURRENCY>₹</CURRENCY>
    <FOREXSYMBOL>- * -</FOREXSYMBOL>
    <ISDEBIT>true</ISDEBIT>
   </AMOUNT>
  </ALLLEDGERENTRIES.LIST>
  <ALLLEDGERENTRIES.LIST>
   <INDEXNUMBER>2</INDEXNUMBER>
   <LEDGERNAME>PF Admin Charges @ 1.10%</LEDGERNAME>
   <VCHLEDGERTYPE>Others</VCHLEDGERTYPE>
   <ISDEEMEDPOSITIVE>false</ISDEEMEDPOSITIVE>
   <ISPARTYLEDGER>false</ISPARTYLEDGER>
   <AMOUNT>
    <AMOUNT>317.16</AMOUNT>
    <CURRENCY>₹</CURRENCY>
    <FOREXSYMBOL>- * -</FOREXSYMBOL>
    <ISDEBIT>false</ISDEBIT>
   </AMOUNT>
  </ALLLEDGERENTRIES.LIST>
  <ALLLEDGERENTRIES.LIST>
   <INDEXNUMBER>3</INDEXNUMBER>
   <LEDGERNAME>DLI Contribution @ 0.5%</LEDGERNAME>
   <VCHLEDGERTYPE>Others</VCHLEDGERTYPE>
   <ISDEEMEDPOSITIVE>false</ISDEEMEDPOSITIVE>
   <ISPARTYLEDGER>false</ISPARTYLEDGER>
   <AMOUNT>
    <AMOUNT>10</AMOUNT>
    <CURRENCY>₹</CURRENCY>
    <FOREXSYMBOL>- * -</FOREXSYMBOL>
    <ISDEBIT>false</ISDEBIT>
   </AMOUNT>
  </ALLLEDGERENTRIES.LIST>
  <ALLLEDGERENTRIES.LIST>
   <INDEXNUMBER>4</INDEXNUMBER>
   <LEDGERNAME>EDLI Admin Charges @ 0.01%</LEDGERNAME>
   <VCHLEDGERTYPE>Others</VCHLEDGERTYPE>
   <ISDEEMEDPOSITIVE>false</ISDEEMEDPOSITIVE>
   <ISPARTYLEDGER>false</ISPARTYLEDGER>
   <AMOUNT>
    <AMOUNT>2.88</AMOUNT>
    <CURRENCY>₹</CURRENCY>
    <FOREXSYMBOL>- * -</FOREXSYMBOL>
    <ISDEBIT>false</ISDEBIT>
   </AMOUNT>
  </ALLLEDGERENTRIES.LIST>
 </VOUCHER>
 <VOUCHER>
  <GUID>52889497-5b6b-403d-8f83-224e3c7759b4-000013b4</GUID>
  <REMOTEALTGUID>52889497-5b6b-403d-8f83-224e3c7759b4</REMOTEALTGUID>
  <MASTERID>5044</MASTERID>
  <ALTERID>8422</ALTERID>
  <ENTEREDBY>A</ENTEREDBY>
  <DATE>2023-06-01</DATE>
  <EFFECTIVEDATE>2023-06-01</EFFECTIVEDATE>
  <VOUCHERTYPENAME>Journal</VOUCHERTYPENAME>
  <PERSISTEDVIEW>AccountingVoucherView</PERSISTEDVIEW>
  <VCHGSTCLASS>Not Applicable</VCHGSTCLASS>
  <ISCOSTCENTRE>false</ISCOSTCENTRE>
  <VCHENTRYMODE>As Voucher</VCHENTRYMODE>
  <ISINVOICE>false</ISINVOICE>
  <VOUCHERNUMBER>10</VOUCHERNUMBER>
  <ISOPTIONAL>false</ISOPTIONAL>
  <PARTYNAME>Office Fund</PARTYNAME>
  <VOUCHERNUMBERSERIES>Default</VOUCHERNUMBERSERIES>
  <PARTYMAILINGNAME>Office Fund</PARTYMAILINGNAME>
  <STATENAME>Karnataka</STATENAME>
  <COUNTRYOFRESIDENCE>India</COUNTRYOFRESIDENCE>
  <GSTREGISTRATION>Bihar Registration</GSTREGISTRATION>
  <GSTREGISTRATIONTYPE>Unregistered/Consumer</GSTREGISTRATIONTYPE>
  <PLACEOFSUPPLY>Karnataka</PLACEOFSUPPLY>
  <ISCANCELLED>false</ISCANCELLED>
  <OVRDNEWAYBILLAPPLICABILITY>false</OVRDNEWAYBILLAPPLICABILITY>
  <ALLLEDGERENTRIES.LIST>
   <INDEXNUMBER>1</INDEXNUMBER>
   <LEDGERNAME>Packing Expenses</LEDGERNAME>
   <VCHLEDGERTYPE>Others</VCHLEDGERTYPE>
   <ISDEEMEDPOSITIVE>true</ISDEEMEDPOSITIVE>
   <ISPARTYLEDGER>false</ISPARTYLEDGER>
   <AMOUNT>
    <AMOUNT>6000</AMOUNT>
    <CURRENCY>₹</CURRENCY>
    <FOREXSYMBOL>- * -</FOREXSYMBOL>
    <ISDEBIT>true</ISDEBIT>
   </AMOUNT>
  </ALLLEDGERENTRIES.LIST>
  <ALLLEDGERENTRIES.LIST>
   <INDEXNUMBER>2</INDEXNUMBER>
   <LEDGERNAME>Office Fund</LEDGERNAME>
   <VCHLEDGERTYPE>Others</VCHLEDGERTYPE>
   <ISDEEMEDPOSITIVE>false</ISDEEMEDPOSITIVE>
   <ISPARTYLEDGER>true</ISPARTYLEDGER>
   <AMOUNT>
    <AMOUNT>6000</AMOUNT>
    <CURRENCY>₹</CURRENCY>
    <FOREXSYMBOL>- * -</FOREXSYMBOL>
    <ISDEBIT>false</ISDEBIT>
   </AMOUNT>
  </ALLLEDGERENTRIES.LIST>
 </VOUCHER>
 <VOUCHER>
  <GUID>52889497-5b6b-403d-8f83-224e3c7759b4-000013b5</GUID>
  <REMOTEALTGUID>52889497-5b6b-403d-8f83-224e3c7759b4</REMOTEALTGUID>
  <MASTERID>5045</MASTERID>
  <ALTERID>8385</ALTERID>
  <ENTEREDBY>A</ENTEREDBY>
  <DATE>2023-06-01</DATE>
  <EFFECTIVEDATE>2023-06-01</EFFECTIVEDATE>
  <VOUCHERTYPENAME>Journal</VOUCHERTYPENAME>
  <PERSISTEDVIEW>AccountingVoucherView</PERSISTEDVIEW>
  <VCHGSTCLASS>Not Applicable</VCHGSTCLASS>
  <ISCOSTCENTRE>false</ISCOSTCENTRE>
  <VCHENTRYMODE>As Voucher</VCHENTRYMODE>
  <ISINVOICE>false</ISINVOICE>
  <VOUCHERNUMBER>11</VOUCHERNUMBER>
  <ISOPTIONAL>false</ISOPTIONAL>
  <PARTYNAME>Office Fund</PARTYNAME>
  <VOUCHERNUMBERSERIES>Default</VOUCHERNUMBERSERIES>
  <PARTYMAILINGNAME>Office Fund</PARTYMAILINGNAME>
  <STATENAME>Karnataka</STATENAME>
  <COUNTRYOFRESIDENCE>India</COUNTRYOFRESIDENCE>
  <GSTREGISTRATION>Bihar Registration</GSTREGISTRATION>
  <GSTREGISTRATIONTYPE>Unregistered/Consumer</GSTREGISTRATIONTYPE>
  <PLACEOFSUPPLY>Karnataka</PLACEOFSUPPLY>
  <ISCANCELLED>false</ISCANCELLED>
  <OVRDNEWAYBILLAPPLICABILITY>false</OVRDNEWAYBILLAPPLICABILITY>
  <ALLLEDGERENTRIES.LIST>
   <INDEXNUMBER>1</INDEXNUMBER>
   <LEDGERNAME>Office Fund</LEDGERNAME>
   <VCHLEDGERTYPE>Others</VCHLEDGERTYPE>
   <ISDEEMEDPOSITIVE>true</ISDEEMEDPOSITIVE>
   <ISPARTYLEDGER>true</ISPARTYLEDGER>
   <AMOUNT>
    <AMOUNT>10000</AMOUNT>
    <CURRENCY>₹</CURRENCY>
    <FOREXSYMBOL>- * -</FOREXSYMBOL>
    <ISDEBIT>true</ISDEBIT>
   </AMOUNT>
  </ALLLEDGERENTRIES.LIST>
  <ALLLEDGERENTRIES.LIST>
   <INDEXNUMBER>2</INDEXNUMBER>
   <LEDGERNAME>Pantry Expenses</LEDGERNAME>
   <VCHLEDGERTYPE>Others</VCHLEDGERTYPE>
   <ISDEEMEDPOSITIVE>false</ISDEEMEDPOSITIVE>
   <ISPARTYLEDGER>false</ISPARTYLEDGER>
   <AMOUNT>
    <AMOUNT>10000</AMOUNT>
    <CURRENCY>₹</CURRENCY>
    <FOREXSYMBOL>- * -</FOREXSYMBOL>
    <ISDEBIT>false</ISDEBIT>
   </AMOUNT>
  </ALLLEDGERENTRIES.LIST>
 </VOUCHER>
 <VOUCHER>
  <GUID>52889497-5b6b-403d-8f83-224e3c7759b4-000013b7</GUID>
  <REMOTEALTGUID>52889497-5b6b-403d-8f83-224e3c7759b4</REMOTEALTGUID>
  <MASTERID>5047</MASTERID>
  <ALTERID>8387</ALTERID>
  <ENTEREDBY>A</ENTEREDBY>
  <DATE>2023-07-01</DATE>
  <EFFECTIVEDATE>2023-07-01</EFFECTIVEDATE>
  <VOUCHERTYPENAME>Journal</VOUCHERTYPENAME>
  <PERSISTEDVIEW>AccountingVoucherView</PERSISTEDVIEW>
  <VCHGSTCLASS>Not Applicable</VCHGSTCLASS>
  <ISCOSTCENTRE>false</ISCOSTCENTRE>
  <VCHENTRYMODE>As Voucher</VCHENTRYMODE>
  <ISINVOICE>false</ISINVOICE>
  <VOUCHERNUMBER>12</VOUCHERNUMBER>
  <ISOPTIONAL>false</ISOPTIONAL>
  <PARTYNAME>Office Fund</PARTYNAME>
  <VOUCHERNUMBERSERIES>Default</VOUCHERNUMBERSERIES>
  <PARTYMAILINGNAME>Office Fund</PARTYMAILINGNAME>
  <STATENAME>Karnataka</STATENAME>
  <COUNTRYOFRESIDENCE>India</COUNTRYOFRESIDENCE>
  <GSTREGISTRATION>Bihar Registration</GSTREGISTRATION>
  <GSTREGISTRATIONTYPE>Unregistered/Consumer</GSTREGISTRATIONTYPE>
  <PLACEOFSUPPLY>Karnataka</PLACEOFSUPPLY>
  <ISCANCELLED>false</ISCANCELLED>
  <OVRDNEWAYBILLAPPLICABILITY>false</OVRDNEWAYBILLAPPLICABILITY>
  <ALLLEDGERENTRIES.LIST>
   <INDEXNUMBER>1</INDEXNUMBER>
   <LEDGERNAME>Phone Bill Expenses</LEDGERNAME>
   <VCHLEDGERTYPE>Others</VCHLEDGERTYPE>
   <ISDEEMEDPOSITIVE>true</ISDEEMEDPOSITIVE>
   <ISPARTYLEDGER>false</ISPARTYLEDGER>
   <AMOUNT>
    <AMOUNT>5000</AMOUNT>
    <CURRENCY>₹</CURRENCY>
    <FOREXSYMBOL>- * -</FOREXSYMBOL>
    <ISDEBIT>true</ISDEBIT>
   </AMOUNT>
  </ALLLEDGERENTRIES.LIST>
  <ALLLEDGERENTRIES.LIST>
   <INDEXNUMBER>2</INDEXNUMBER>
   <LEDGERNAME>Office Fund</LEDGERNAME>
   <VCHLEDGERTYPE>Others</VCHLEDGERTYPE>
   <ISDEEMEDPOSITIVE>false</ISDEEMEDPOSITIVE>
   <ISPARTYLEDGER>true</ISPARTYLEDGER>
   <AMOUNT>
    <AMOUNT>5000</AMOUNT>
    <CURRENCY>₹</CURRENCY>
    <FOREXSYMBOL>- * -</FOREXSYMBOL>
    <ISDEBIT>false</ISDEBIT>
   </AMOUNT>
  </ALLLEDGERENTRIES.LIST>
 </VOUCHER>
 <VOUCHER>
  <GUID>52889497-5b6b-403d-8f83-224e3c7759b4-000013c4</GUID>
  <REMOTEALTGUID>52889497-5b6b-403d-8f83-224e3c7759b4</REMOTEALTGUID>
  <MASTERID>5060</MASTERID>
  <ALTERID>8367</ALTERID>
  <ENTEREDBY>A</ENTEREDBY>
  <DATE>2023-09-01</DATE>
  <EFFECTIVEDATE>2023-09-01</EFFECTIVEDATE>
  <VOUCHERTYPENAME>Journal</VOUCHERTYPENAME>
  <PERSISTEDVIEW>AccountingVoucherView</PERSISTEDVIEW>
  <VCHGSTCLASS>Not Applicable</VCHGSTCLASS>
  <ISCOSTCENTRE>false</ISCOSTCENTRE>
  <VCHENTRYMODE>As Voucher</VCHENTRYMODE>
  <ISINVOICE>false</ISINVOICE>
  <VOUCHERNUMBER>1</VOUCHERNUMBER>
  <ISOPTIONAL>false</ISOPTIONAL>
  <VOUCHERNUMBERSERIES>Default</VOUCHERNUMBERSERIES>
  <GSTREGISTRATION>Bihar Registration</GSTREGISTRATION>
  <ISCANCELLED>false</ISCANCELLED>
  <OVRDNEWAYBILLAPPLICABILITY>false</OVRDNEWAYBILLAPPLICABILITY>
  <ALLLEDGERENTRIES.LIST>
   <INDEXNUMBER>1</INDEXNUMBER>
   <LEDGERNAME>Office Fund</LEDGERNAME>
   <VCHLEDGERTYPE>Others</VCHLEDGERTYPE>
   <ISDEEMEDPOSITIVE>true</ISDEEMEDPOSITIVE>
   <ISPARTYLEDGER>true</ISPARTYLEDGER>
   <AMOUNT>
    <AMOUNT>10000</AMOUNT>
    <CURRENCY>₹</CURRENCY>
    <FOREXSYMBOL>- * -</FOREXSYMBOL>
    <ISDEBIT>true</ISDEBIT>
   </AMOUNT>
  </ALLLEDGERENTRIES.LIST>
  <ALLLEDGERENTRIES.LIST>
   <INDEXNUMBER>2</INDEXNUMBER>
   <LEDGERNAME>Interest on Partner&apos;s Capital A/c</LEDGERNAME>
   <VCHLEDGERTYPE>Others</VCHLEDGERTYPE>
   <ISDEEMEDPOSITIVE>false</ISDEEMEDPOSITIVE>
   <ISPARTYLEDGER>false</ISPARTYLEDGER>
   <AMOUNT>
    <AMOUNT>10000</AMOUNT>
    <CURRENCY>₹</CURRENCY>
    <FOREXSYMBOL>- * -</FOREXSYMBOL>
    <ISDEBIT>false</ISDEBIT>
   </AMOUNT>
  </ALLLEDGERENTRIES.LIST>
 </VOUCHER>
 <VOUCHER>
  <GUID>52889497-5b6b-403d-8f83-224e3c7759b4-000013ae</GUID>
  <REMOTEALTGUID>52889497-5b6b-403d-8f83-224e3c7759b4</REMOTEALTGUID>
  <MASTERID>5038</MASTERID>
  <ALTERID>8369</ALTERID>
  <ENTEREDBY>A</ENTEREDBY>
  <DATE>2023-09-01</DATE>
  <EFFECTIVEDATE>2023-09-01</EFFECTIVEDATE>
  <VOUCHERTYPENAME>Journal</VOUCHERTYPENAME>
  <PERSISTEDVIEW>AccountingVoucherView</PERSISTEDVIEW>
  <VCHGSTCLASS>Not Applicable</VCHGSTCLASS>
  <ISCOSTCENTRE>false</ISCOSTCENTRE>
  <VCHENTRYMODE>As Voucher</VCHENTRYMODE>
  <ISINVOICE>false</ISINVOICE>
  <VOUCHERNUMBER>3</VOUCHERNUMBER>
  <ISOPTIONAL>false</ISOPTIONAL>
  <PARTYNAME>Office Fund</PARTYNAME>
  <VOUCHERNUMBERSERIES>Default</VOUCHERNUMBERSERIES>
  <PARTYMAILINGNAME>Office Fund</PARTYMAILINGNAME>
  <STATENAME>Karnataka</STATENAME>
  <COUNTRYOFRESIDENCE>India</COUNTRYOFRESIDENCE>
  <GSTREGISTRATION>Bihar Registration</GSTREGISTRATION>
  <GSTREGISTRATIONTYPE>Unregistered/Consumer</GSTREGISTRATIONTYPE>
  <PLACEOFSUPPLY>Karnataka</PLACEOFSUPPLY>
  <ISCANCELLED>false</ISCANCELLED>
  <OVRDNEWAYBILLAPPLICABILITY>false</OVRDNEWAYBILLAPPLICABILITY>
  <ALLLEDGERENTRIES.LIST>
   <INDEXNUMBER>1</INDEXNUMBER>
   <LEDGERNAME>Office Fund</LEDGERNAME>
   <VCHLEDGERTYPE>Others</VCHLEDGERTYPE>
   <ISDEEMEDPOSITIVE>true</ISDEEMEDPOSITIVE>
   <ISPARTYLEDGER>true</ISPARTYLEDGER>
   <AMOUNT>
    <AMOUNT>2000</AMOUNT>
    <CURRENCY>₹</CURRENCY>
    <FOREXSYMBOL>- * -</FOREXSYMBOL>
    <ISDEBIT>true</ISDEBIT>
   </AMOUNT>
  </ALLLEDGERENTRIES.LIST>
  <ALLLEDGERENTRIES.LIST>
   <INDEXNUMBER>2</INDEXNUMBER>
   <LEDGERNAME>Packing Expenses</LEDGERNAME>
   <VCHLEDGERTYPE>Others</VCHLEDGERTYPE>
   <ISDEEMEDPOSITIVE>false</ISDEEMEDPOSITIVE>
   <ISPARTYLEDGER>false</ISPARTYLEDGER>
   <AMOUNT>
    <AMOUNT>2000</AMOUNT>
    <CURRENCY>₹</CURRENCY>
    <FOREXSYMBOL>- * -</FOREXSYMBOL>
    <ISDEBIT>false</ISDEBIT>
   </AMOUNT>
  </ALLLEDGERENTRIES.LIST>
 </VOUCHER>
 <VOUCHER>
  <GUID>52889497-5b6b-403d-8f83-224e3c7759b4-000013b2</GUID>
  <REMOTEALTGUID>52889497-5b6b-403d-8f83-224e3c7759b4</REMOTEALTGUID>
  <MASTERID>5042</MASTERID>
  <ALTERID>8371</ALTERID>
  <ENTEREDBY>A</ENTEREDBY>
  <DATE>2023-09-01</DATE>
  <EFFECTIVEDATE>2023-09-01</EFFECTIVEDATE>
  <VOUCHERTYPENAME>Journal</VOUCHERTYPENAME>
  <PERSISTEDVIEW>AccountingVoucherView</PERSISTEDVIEW>
  <VCHGSTCLASS>Not Applicable</VCHGSTCLASS>
  <ISCOSTCENTRE>false</ISCOSTCENTRE>
  <VCHENTRYMODE>As Voucher</VCHENTRYMODE>
  <ISINVOICE>false</ISINVOICE>
  <VOUCHERNUMBER>4</VOUCHERNUMBER>
  <ISOPTIONAL>false</ISOPTIONAL>
  <PARTYNAME>Office Fund</PARTYNAME>
  <VOUCHERNUMBERSERIES>Default</VOUCHERNUMBERSERIES>
  <PARTYMAILINGNAME>Office Fund</PARTYMAILINGNAME>
  <STATENAME>Karnataka</STATENAME>
  <COUNTRYOFRESIDENCE>India</COUNTRYOFRESIDENCE>
  <GSTREGISTRATION>Bihar Registration</GSTREGISTRATION>
  <GSTREGISTRATIONTYPE>Unregistered/Consumer</GSTREGISTRATIONTYPE>
  <PLACEOFSUPPLY>Karnataka</PLACEOFSUPPLY>
  <ISCANCELLED>false</ISCANCELLED>
  <OVRDNEWAYBILLAPPLICABILITY>false</OVRDNEWAYBILLAPPLICABILITY>
  <ALLLEDGERENTRIES.LIST>
   <INDEXNUMBER>1</INDEXNUMBER>
   <LEDGERNAME>Office Fund</LEDGERNAME>
   <VCHLEDGERTYPE>Others</VCHLEDGERTYPE>
   <ISDEEMEDPOSITIVE>true</ISDEEMEDPOSITIVE>
   <ISPARTYLEDGER>true</ISPARTYLEDGER>
   <AMOUNT>
    <AMOUNT>50000</AMOUNT>
    <CURRENCY>₹</CURRENCY>
    <FOREXSYMBOL>- * -</FOREXSYMBOL>
    <ISDEBIT>true</ISDEBIT>
   </AMOUNT>
  </ALLLEDGERENTRIES.LIST>
  <ALLLEDGERENTRIES.LIST>
   <INDEXNUMBER>2</INDEXNUMBER>
   <LEDGERNAME>Electric Expenses</LEDGERNAME>
   <VCHLEDGERTYPE>Others</VCHLEDGERTYPE>
   <ISDEEMEDPOSITIVE>false</ISDEEMEDPOSITIVE>
   <ISPARTYLEDGER>false</ISPARTYLEDGER>
   <AMOUNT>
    <AMOUNT>50000</AMOUNT>
    <CURRENCY>₹</CURRENCY>
    <FOREXSYMBOL>- * -</FOREXSYMBOL>
    <ISDEBIT>false</ISDEBIT>
   </AMOUNT>
  </ALLLEDGERENTRIES.LIST>
 </VOUCHER>
 <VOUCHER>
  <GUID>52889497-5b6b-403d-8f83-224e3c7759b4-000013b3</GUID>
  <REMOTEALTGUID>52889497-5b6b-403d-8f83-224e3c7759b4</REMOTEALTGUID>
  <MASTERID>5043</MASTERID>
  <ALTERID>8373</ALTERID>
  <ENTEREDBY>A</ENTEREDBY>
  <DATE>2023-09-01</DATE>
  <EFFECTIVEDATE>2023-09-01</EFFECTIVEDATE>
  <VOUCHERTYPENAME>Journal</VOUCHERTYPENAME>
  <PERSISTEDVIEW>AccountingVoucherView</PERSISTEDVIEW>
  <VCHGSTCLASS>Not Applicable</VCHGSTCLASS>
  <ISCOSTCENTRE>false</ISCOSTCENTRE>
  <VCHENTRYMODE>As Voucher</VCHENTRYMODE>
  <ISINVOICE>false</ISINVOICE>
  <VOUCHERNUMBER>5</VOUCHERNUMBER>
  <ISOPTIONAL>false</ISOPTIONAL>
  <PARTYNAME>Office Fund</PARTYNAME>
  <VOUCHERNUMBERSERIES>Default</VOUCHERNUMBERSERIES>
  <PARTYMAILINGNAME>Office Fund</PARTYMAILINGNAME>
  <STATENAME>Karnataka</STATENAME>
  <COUNTRYOFRESIDENCE>India</COUNTRYOFRESIDENCE>
  <GSTREGISTRATION>Bihar Registration</GSTREGISTRATION>
  <GSTREGISTRATIONTYPE>Unregistered/Consumer</GSTREGISTRATIONTYPE>
  <PLACEOFSUPPLY>Karnataka</PLACEOFSUPPLY>
  <ISCANCELLED>false</ISCANCELLED>
  <OVRDNEWAYBILLAPPLICABILITY>false</OVRDNEWAYBILLAPPLICABILITY>
  <ALLLEDGERENTRIES.LIST>
   <INDEXNUMBER>1</INDEXNUMBER>
   <LEDGERNAME>Office Fund</LEDGERNAME>
   <VCHLEDGERTYPE>Others</VCHLEDGERTYPE>
   <ISDEEMEDPOSITIVE>true</ISDEEMEDPOSITIVE>
   <ISPARTYLEDGER>true</ISPARTYLEDGER>
   <AMOUNT>
    <AMOUNT>10000</AMOUNT>
    <CURRENCY>₹</CURRENCY>
    <FOREXSYMBOL>- * -</FOREXSYMBOL>
    <ISDEBIT>true</ISDEBIT>
   </AMOUNT>
  </ALLLEDGERENTRIES.LIST>
  <ALLLEDGERENTRIES.LIST>
   <INDEXNUMBER>2</INDEXNUMBER>
   <LEDGERNAME>Internet Expenses</LEDGERNAME>
   <VCHLEDGERTYPE>Others</VCHLEDGERTYPE>
   <ISDEEMEDPOSITIVE>false</ISDEEMEDPOSITIVE>
   <ISPARTYLEDGER>false</ISPARTYLEDGER>
   <AMOUNT>
    <AMOUNT>10000</AMOUNT>
    <CURRENCY>₹</CURRENCY>
    <FOREXSYMBOL>- * -</FOREXSYMBOL>
    <ISDEBIT>false</ISDEBIT>
   </AMOUNT>
  </ALLLEDGERENTRIES.LIST>
 </VOUCHER>
 <VOUCHER>
  <GUID>52889497-5b6b-403d-8f83-224e3c7759b4-000013b0</GUID>
  <REMOTEALTGUID>52889497-5b6b-403d-8f83-224e3c7759b4</REMOTEALTGUID>
  <MASTERID>5040</MASTERID>
  <ALTERID>8613</ALTERID>
  <ENTEREDBY>A</ENTEREDBY>
  <DATE>2023-09-01</DATE>
  <EFFECTIVEDATE>2023-09-01</EFFECTIVEDATE>
  <VOUCHERTYPENAME>Journal</VOUCHERTYPENAME>
  <PERSISTEDVIEW>AccountingVoucherView</PERSISTEDVIEW>
  <VCHGSTCLASS>Not Applicable</VCHGSTCLASS>
  <ISCOSTCENTRE>false</ISCOSTCENTRE>
  <VCHENTRYMODE>As Voucher</VCHENTRYMODE>
  <ISINVOICE>false</ISINVOICE>
  <VOUCHERNUMBER>7</VOUCHERNUMBER>
  <ISOPTIONAL>false</ISOPTIONAL>
  <NARRATION>asdf</NARRATION>
  <PARTYNAME>Office Fund</PARTYNAME>
  <VOUCHERNUMBERSERIES>Default</VOUCHERNUMBERSERIES>
  <PARTYMAILINGNAME>Office Fund</PARTYMAILINGNAME>
  <STATENAME>Karnataka</STATENAME>
  <COUNTRYOFRESIDENCE>India</COUNTRYOFRESIDENCE>
  <GSTREGISTRATION>Bihar Registration</GSTREGISTRATION>
  <GSTREGISTRATIONTYPE>Unregistered/Consumer</GSTREGISTRATIONTYPE>
  <PLACEOFSUPPLY>Karnataka</PLACEOFSUPPLY>
  <ISCANCELLED>false</ISCANCELLED>
  <OVRDNEWAYBILLAPPLICABILITY>false</OVRDNEWAYBILLAPPLICABILITY>
  <ALLLEDGERENTRIES.LIST>
   <INDEXNUMBER>1</INDEXNUMBER>
   <LEDGERNAME>Stationery Expenses</LEDGERNAME>
   <VCHLEDGERTYPE>Others</VCHLEDGERTYPE>
   <ISDEEMEDPOSITIVE>true</ISDEEMEDPOSITIVE>
   <ISPARTYLEDGER>false</ISPARTYLEDGER>
   <AMOUNT>
    <AMOUNT>3000</AMOUNT>
    <CURRENCY>₹</CURRENCY>
    <FOREXSYMBOL>- * -</FOREXSYMBOL>
    <ISDEBIT>true</ISDEBIT>
   </AMOUNT>
  </ALLLEDGERENTRIES.LIST>
  <ALLLEDGERENTRIES.LIST>
   <INDEXNUMBER>2</INDEXNUMBER>
   <LEDGERNAME>Office Fund</LEDGERNAME>
   <VCHLEDGERTYPE>Others</VCHLEDGERTYPE>
   <ISDEEMEDPOSITIVE>false</ISDEEMEDPOSITIVE>
   <ISPARTYLEDGER>true</ISPARTYLEDGER>
   <AMOUNT>
    <AMOUNT>3000</AMOUNT>
    <CURRENCY>₹</CURRENCY>
    <FOREXSYMBOL>- * -</FOREXSYMBOL>
    <ISDEBIT>false</ISDEBIT>
   </AMOUNT>
  </ALLLEDGERENTRIES.LIST>
 </VOUCHER>
 <VOUCHER>
  <GUID>52889497-5b6b-403d-8f83-224e3c7759b4-000013b1</GUID>
  <REMOTEALTGUID>52889497-5b6b-403d-8f83-224e3c7759b4</REMOTEALTGUID>
  <MASTERID>5041</MASTERID>
  <ALTERID>8379</ALTERID>
  <ENTEREDBY>A</ENTEREDBY>
  <DATE>2023-09-01</DATE>
  <EFFECTIVEDATE>2023-09-01</EFFECTIVEDATE>
  <VOUCHERTYPENAME>Journal</VOUCHERTYPENAME>
  <PERSISTEDVIEW>AccountingVoucherView</PERSISTEDVIEW>
  <VCHGSTCLASS>Not Applicable</VCHGSTCLASS>
  <ISCOSTCENTRE>false</ISCOSTCENTRE>
  <VCHENTRYMODE>As Voucher</VCHENTRYMODE>
  <ISINVOICE>false</ISINVOICE>
  <VOUCHERNUMBER>8</VOUCHERNUMBER>
  <ISOPTIONAL>false</ISOPTIONAL>
  <PARTYNAME>Office Fund</PARTYNAME>
  <VOUCHERNUMBERSERIES>Default</VOUCHERNUMBERSERIES>
  <PARTYMAILINGNAME>Office Fund</PARTYMAILINGNAME>
  <STATENAME>Karnataka</STATENAME>
  <COUNTRYOFRESIDENCE>India</COUNTRYOFRESIDENCE>
  <GSTREGISTRATION>Bihar Registration</GSTREGISTRATION>
  <GSTREGISTRATIONTYPE>Unregistered/Consumer</GSTREGISTRATIONTYPE>
  <PLACEOFSUPPLY>Karnataka</PLACEOFSUPPLY>
  <ISCANCELLED>false</ISCANCELLED>
  <OVRDNEWAYBILLAPPLICABILITY>false</OVRDNEWAYBILLAPPLICABILITY>
  <ALLLEDGERENTRIES.LIST>
   <INDEXNUMBER>1</INDEXNUMBER>
   <LEDGERNAME>Water Expenses</LEDGERNAME>
   <VCHLEDGERTYPE>Others</VCHLEDGERTYPE>
   <ISDEEMEDPOSITIVE>true</ISDEEMEDPOSITIVE>
   <ISPARTYLEDGER>false</ISPARTYLEDGER>
   <AMOUNT>
    <AMOUNT>30000</AMOUNT>
    <CURRENCY>₹</CURRENCY>
    <FOREXSYMBOL>- * -</FOREXSYMBOL>
    <ISDEBIT>true</ISDEBIT>
   </AMOUNT>
  </ALLLEDGERENTRIES.LIST>
  <ALLLEDGERENTRIES.LIST>
   <INDEXNUMBER>2</INDEXNUMBER>
   <LEDGERNAME>Office Fund</LEDGERNAME>
   <VCHLEDGERTYPE>Others</VCHLEDGERTYPE>
   <ISDEEMEDPOSITIVE>false</ISDEEMEDPOSITIVE>
   <ISPARTYLEDGER>true</ISPARTYLEDGER>
   <AMOUNT>
    <AMOUNT>30000</AMOUNT>
    <CURRENCY>₹</CURRENCY>
    <FOREXSYMBOL>- * -</FOREXSYMBOL>
    <ISDEBIT>false</ISDEBIT>
   </AMOUNT>
  </ALLLEDGERENTRIES.LIST>
 </VOUCHER>
 <VOUCHER>
  <GUID>52889497-5b6b-403d-8f83-224e3c7759b4-000013bc</GUID>
  <REMOTEALTGUID>52889497-5b6b-403d-8f83-224e3c7759b4</REMOTEALTGUID>
  <MASTERID>5052</MASTERID>
  <ALTERID>8381</ALTERID>
  <ENTEREDBY>A</ENTEREDBY>
  <DATE>2023-09-01</DATE>
  <EFFECTIVEDATE>2023-09-01</EFFECTIVEDATE>
  <VOUCHERTYPENAME>Journal</VOUCHERTYPENAME>
  <PERSISTEDVIEW>AccountingVoucherView</PERSISTEDVIEW>
  <VCHGSTCLASS>Not Applicable</VCHGSTCLASS>
  <ISCOSTCENTRE>false</ISCOSTCENTRE>
  <VCHENTRYMODE>As Voucher</VCHENTRYMODE>
  <ISINVOICE>false</ISINVOICE>
  <VOUCHERNUMBER>9</VOUCHERNUMBER>
  <ISOPTIONAL>false</ISOPTIONAL>
  <VOUCHERNUMBERSERIES>Default</VOUCHERNUMBERSERIES>
  <GSTREGISTRATION>Bihar Registration</GSTREGISTRATION>
  <ISCANCELLED>false</ISCANCELLED>
  <OVRDNEWAYBILLAPPLICABILITY>false</OVRDNEWAYBILLAPPLICABILITY>
  <ALLLEDGERENTRIES.LIST>
   <INDEXNUMBER>1</INDEXNUMBER>
   <LEDGERNAME>Office Fund</LEDGERNAME>
   <VCHLEDGERTYPE>Others</VCHLEDGERTYPE>
   <ISDEEMEDPOSITIVE>true</ISDEEMEDPOSITIVE>
   <ISPARTYLEDGER>true</ISPARTYLEDGER>
   <AMOUNT>
    <AMOUNT>10000</AMOUNT>
    <CURRENCY>₹</CURRENCY>
    <FOREXSYMBOL>- * -</FOREXSYMBOL>
    <ISDEBIT>true</ISDEBIT>
   </AMOUNT>
  </ALLLEDGERENTRIES.LIST>
  <ALLLEDGERENTRIES.LIST>
   <INDEXNUMBER>2</INDEXNUMBER>
   <LEDGERNAME>Discount</LEDGERNAME>
   <VCHLEDGERTYPE>Others</VCHLEDGERTYPE>
   <ISDEEMEDPOSITIVE>false</ISDEEMEDPOSITIVE>
   <ISPARTYLEDGER>false</ISPARTYLEDGER>
   <AMOUNT>
    <AMOUNT>10000</AMOUNT>
    <CURRENCY>₹</CURRENCY>
    <FOREXSYMBOL>- * -</FOREXSYMBOL>
    <ISDEBIT>false</ISDEBIT>
   </AMOUNT>
  </ALLLEDGERENTRIES.LIST>
 </VOUCHER>
 <VOUCHER>
  <GUID>52889497-5b6b-403d-8f83-224e3c7759b4-000013b8</GUID>
  <REMOTEALTGUID>52889497-5b6b-403d-8f83-224e3c7759b4</REMOTEALTGUID>
  <MASTERID>5048</MASTERID>
  <ALTERID>8389</ALTERID>
  <ENTEREDBY>A</ENTEREDBY>
  <DATE>2023-09-01</DATE>
  <EFFECTIVEDATE>2023-09-01</EFFECTIVEDATE>
  <VOUCHERTYPENAME>Journal</VOUCHERTYPENAME>
  <PERSISTEDVIEW>AccountingVoucherView</PERSISTEDVIEW>
  <VCHGSTCLASS>Not Applicable</VCHGSTCLASS>
  <ISCOSTCENTRE>false</ISCOSTCENTRE>
  <VCHENTRYMODE>As Voucher</VCHENTRYMODE>
  <ISINVOICE>false</ISINVOICE>
  <VOUCHERNUMBER>13</VOUCHERNUMBER>
  <ISOPTIONAL>false</ISOPTIONAL>
  <PARTYNAME>Office Fund</PARTYNAME>
  <VOUCHERNUMBERSERIES>Default</VOUCHERNUMBERSERIES>
  <PARTYMAILINGNAME>Office Fund</PARTYMAILINGNAME>
  <STATENAME>Karnataka</STATENAME>
  <COUNTRYOFRESIDENCE>India</COUNTRYOFRESIDENCE>
  <GSTREGISTRATION>Bihar Registration</GSTREGISTRATION>
  <GSTREGISTRATIONTYPE>Unregistered/Consumer</GSTREGISTRATIONTYPE>
  <PLACEOFSUPPLY>Karnataka</PLACEOFSUPPLY>
  <ISCANCELLED>false</ISCANCELLED>
  <OVRDNEWAYBILLAPPLICABILITY>false</OVRDNEWAYBILLAPPLICABILITY>
  <ALLLEDGERENTRIES.LIST>
   <INDEXNUMBER>1</INDEXNUMBER>
   <LEDGERNAME>Postage Expenses</LEDGERNAME>
   <VCHLEDGERTYPE>Others</VCHLEDGERTYPE>
   <ISDEEMEDPOSITIVE>true</ISDEEMEDPOSITIVE>
   <ISPARTYLEDGER>false</ISPARTYLEDGER>
   <AMOUNT>
    <AMOUNT>5000</AMOUNT>
    <CURRENCY>₹</CURRENCY>
    <FOREXSYMBOL>- * -</FOREXSYMBOL>
    <ISDEBIT>true</ISDEBIT>
   </AMOUNT>
  </ALLLEDGERENTRIES.LIST>
  <ALLLEDGERENTRIES.LIST>
   <INDEXNUMBER>2</INDEXNUMBER>
   <LEDGERNAME>Office Fund</LEDGERNAME>
   <VCHLEDGERTYPE>Others</VCHLEDGERTYPE>
   <ISDEEMEDPOSITIVE>false</ISDEEMEDPOSITIVE>
   <ISPARTYLEDGER>true</ISPARTYLEDGER>
   <AMOUNT>
    <AMOUNT>5000</AMOUNT>
    <CURRENCY>₹</CURRENCY>
    <FOREXSYMBOL>- * -</FOREXSYMBOL>
    <ISDEBIT>false</ISDEBIT>
   </AMOUNT>
  </ALLLEDGERENTRIES.LIST>
 </VOUCHER>
 <VOUCHER>
  <GUID>52889497-5b6b-403d-8f83-224e3c7759b4-000013bb</GUID>
  <REMOTEALTGUID>52889497-5b6b-403d-8f83-224e3c7759b4</REMOTEALTGUID>
  <MASTERID>5051</MASTERID>
  <ALTERID>8391</ALTERID>
  <ENTEREDBY>A</ENTEREDBY>
  <DATE>2023-09-01</DATE>
  <EFFECTIVEDATE>2023-09-01</EFFECTIVEDATE>
  <VOUCHERTYPENAME>Journal</VOUCHERTYPENAME>
  <PERSISTEDVIEW>AccountingVoucherView</PERSISTEDVIEW>
  <VCHGSTCLASS>Not Applicable</VCHGSTCLASS>
  <ISCOSTCENTRE>false</ISCOSTCENTRE>
  <VCHENTRYMODE>As Voucher</VCHENTRYMODE>
  <ISINVOICE>false</ISINVOICE>
  <VOUCHERNUMBER>14</VOUCHERNUMBER>
  <ISOPTIONAL>false</ISOPTIONAL>
  <VOUCHERNUMBERSERIES>Default</VOUCHERNUMBERSERIES>
  <GSTREGISTRATION>Bihar Registration</GSTREGISTRATION>
  <ISCANCELLED>false</ISCANCELLED>
  <OVRDNEWAYBILLAPPLICABILITY>false</OVRDNEWAYBILLAPPLICABILITY>
  <ALLLEDGERENTRIES.LIST>
   <INDEXNUMBER>1</INDEXNUMBER>
   <LEDGERNAME>Depreciation</LEDGERNAME>
   <VCHLEDGERTYPE>Others</VCHLEDGERTYPE>
   <ISDEEMEDPOSITIVE>true</ISDEEMEDPOSITIVE>
   <ISPARTYLEDGER>false</ISPARTYLEDGER>
   <AMOUNT>
    <AMOUNT>10000</AMOUNT>
    <CURRENCY>₹</CURRENCY>
    <FOREXSYMBOL>- * -</FOREXSYMBOL>
    <ISDEBIT>true</ISDEBIT>
   </AMOUNT>
  </ALLLEDGERENTRIES.LIST>
  <ALLLEDGERENTRIES.LIST>
   <INDEXNUMBER>2</INDEXNUMBER>
   <LEDGERNAME>Office Fund</LEDGERNAME>
   <VCHLEDGERTYPE>Others</VCHLEDGERTYPE>
   <ISDEEMEDPOSITIVE>false</ISDEEMEDPOSITIVE>
   <ISPARTYLEDGER>true</ISPARTYLEDGER>
   <AMOUNT>
    <AMOUNT>10000</AMOUNT>
    <CURRENCY>₹</CURRENCY>
    <FOREXSYMBOL>- * -</FOREXSYMBOL>
    <ISDEBIT>false</ISDEBIT>
   </AMOUNT>
  </ALLLEDGERENTRIES.LIST>
 </VOUCHER>
 <VOUCHER>
  <GUID>52889497-5b6b-403d-8f83-224e3c7759b4-000013be</GUID>
  <REMOTEALTGUID>52889497-5b6b-403d-8f83-224e3c7759b4</REMOTEALTGUID>
  <MASTERID>5054</MASTERID>
  <ALTERID>8401</ALTERID>
  <ENTEREDBY>A</ENTEREDBY>
  <DATE>2023-09-01</DATE>
  <EFFECTIVEDATE>2023-09-01</EFFECTIVEDATE>
  <VOUCHERTYPENAME>Journal</VOUCHERTYPENAME>
  <PERSISTEDVIEW>AccountingVoucherView</PERSISTEDVIEW>
  <VCHGSTCLASS>Not Applicable</VCHGSTCLASS>
  <ISCOSTCENTRE>false</ISCOSTCENTRE>
  <VCHENTRYMODE>As Voucher</VCHENTRYMODE>
  <ISINVOICE>false</ISINVOICE>
  <VOUCHERNUMBER>19</VOUCHERNUMBER>
  <ISOPTIONAL>false</ISOPTIONAL>
  <VOUCHERNUMBERSERIES>Default</VOUCHERNUMBERSERIES>
  <GSTREGISTRATION>Bihar Registration</GSTREGISTRATION>
  <ISCANCELLED>false</ISCANCELLED>
  <OVRDNEWAYBILLAPPLICABILITY>false</OVRDNEWAYBILLAPPLICABILITY>
  <ALLLEDGERENTRIES.LIST>
   <INDEXNUMBER>1</INDEXNUMBER>
   <LEDGERNAME>Insurance Premium</LEDGERNAME>
   <VCHLEDGERTYPE>Others</VCHLEDGERTYPE>
   <ISDEEMEDPOSITIVE>true</ISDEEMEDPOSITIVE>
   <ISPARTYLEDGER>false</ISPARTYLEDGER>
   <AMOUNT>
    <AMOUNT>5000</AMOUNT>
    <CURRENCY>₹</CURRENCY>
    <FOREXSYMBOL>- * -</FOREXSYMBOL>
    <ISDEBIT>true</ISDEBIT>
   </AMOUNT>
  </ALLLEDGERENTRIES.LIST>
  <ALLLEDGERENTRIES.LIST>
   <INDEXNUMBER>2</INDEXNUMBER>
   <LEDGERNAME>Office Fund</LEDGERNAME>
   <VCHLEDGERTYPE>Others</VCHLEDGERTYPE>
   <ISDEEMEDPOSITIVE>false</ISDEEMEDPOSITIVE>
   <ISPARTYLEDGER>true</ISPARTYLEDGER>
   <AMOUNT>
    <AMOUNT>5000</AMOUNT>
    <CURRENCY>₹</CURRENCY>
    <FOREXSYMBOL>- * -</FOREXSYMBOL>
    <ISDEBIT>false</ISDEBIT>
   </AMOUNT>
  </ALLLEDGERENTRIES.LIST>
 </VOUCHER>
 <VOUCHER>
  <GUID>52889497-5b6b-403d-8f83-224e3c7759b4-000013bf</GUID>
  <REMOTEALTGUID>52889497-5b6b-403d-8f83-224e3c7759b4</REMOTEALTGUID>
  <MASTERID>5055</MASTERID>
  <ALTERID>8403</ALTERID>
  <ENTEREDBY>A</ENTEREDBY>
  <DATE>2023-09-01</DATE>
  <EFFECTIVEDATE>2023-09-01</EFFECTIVEDATE>
  <VOUCHERTYPENAME>Journal</VOUCHERTYPENAME>
  <PERSISTEDVIEW>AccountingVoucherView</PERSISTEDVIEW>
  <VCHGSTCLASS>Not Applicable</VCHGSTCLASS>
  <ISCOSTCENTRE>false</ISCOSTCENTRE>
  <VCHENTRYMODE>As Voucher</VCHENTRYMODE>
  <ISINVOICE>false</ISINVOICE>
  <VOUCHERNUMBER>20</VOUCHERNUMBER>
  <ISOPTIONAL>false</ISOPTIONAL>
  <VOUCHERNUMBERSERIES>Default</VOUCHERNUMBERSERIES>
  <GSTREGISTRATION>Bihar Registration</GSTREGISTRATION>
  <ISCANCELLED>false</ISCANCELLED>
  <OVRDNEWAYBILLAPPLICABILITY>false</OVRDNEWAYBILLAPPLICABILITY>
  <ALLLEDGERENTRIES.LIST>
   <INDEXNUMBER>1</INDEXNUMBER>
   <LEDGERNAME>Repairs &amp; Maintenance</LEDGERNAME>
   <VCHLEDGERTYPE>Others</VCHLEDGERTYPE>
   <ISDEEMEDPOSITIVE>true</ISDEEMEDPOSITIVE>
   <ISPARTYLEDGER>false</ISPARTYLEDGER>
   <AMOUNT>
    <AMOUNT>30000</AMOUNT>
    <CURRENCY>₹</CURRENCY>
    <FOREXSYMBOL>- * -</FOREXSYMBOL>
    <ISDEBIT>true</ISDEBIT>
   </AMOUNT>
  </ALLLEDGERENTRIES.LIST>
  <ALLLEDGERENTRIES.LIST>
   <INDEXNUMBER>2</INDEXNUMBER>
   <LEDGERNAME>Office Fund</LEDGERNAME>
   <VCHLEDGERTYPE>Others</VCHLEDGERTYPE>
   <ISDEEMEDPOSITIVE>false</ISDEEMEDPOSITIVE>
   <ISPARTYLEDGER>true</ISPARTYLEDGER>
   <AMOUNT>
    <AMOUNT>30000</AMOUNT>
    <CURRENCY>₹</CURRENCY>
    <FOREXSYMBOL>- * -</FOREXSYMBOL>
    <ISDEBIT>false</ISDEBIT>
   </AMOUNT>
  </ALLLEDGERENTRIES.LIST>
 </VOUCHER>
 <VOUCHER>
  <GUID>52889497-5b6b-403d-8f83-224e3c7759b4-000013c7</GUID>
  <REMOTEALTGUID>52889497-5b6b-403d-8f83-224e3c7759b4</REMOTEALTGUID>
  <MASTERID>5063</MASTERID>
  <ALTERID>8409</ALTERID>
  <ENTEREDBY>A</ENTEREDBY>
  <DATE>2023-09-01</DATE>
  <EFFECTIVEDATE>2023-09-01</EFFECTIVEDATE>
  <VOUCHERTYPENAME>Journal</VOUCHERTYPENAME>
  <PERSISTEDVIEW>AccountingVoucherView</PERSISTEDVIEW>
  <VCHGSTCLASS>Not Applicable</VCHGSTCLASS>
  <ISCOSTCENTRE>false</ISCOSTCENTRE>
  <VCHENTRYMODE>As Voucher</VCHENTRYMODE>
  <ISINVOICE>false</ISINVOICE>
  <VOUCHERNUMBER>23</VOUCHERNUMBER>
  <ISOPTIONAL>false</ISOPTIONAL>
  <VOUCHERNUMBERSERIES>Default</VOUCHERNUMBERSERIES>
  <GSTREGISTRATION>Bihar Registration</GSTREGISTRATION>
  <ISCANCELLED>false</ISCANCELLED>
  <OVRDNEWAYBILLAPPLICABILITY>false</OVRDNEWAYBILLAPPLICABILITY>
  <ALLLEDGERENTRIES.LIST>
   <INDEXNUMBER>1</INDEXNUMBER>
   <LEDGERNAME>PF Employers</LEDGERNAME>
   <VCHLEDGERTYPE>Others</VCHLEDGERTYPE>
   <ISDEEMEDPOSITIVE>true</ISDEEMEDPOSITIVE>
   <ISPARTYLEDGER>false</ISPARTYLEDGER>
   <AMOUNT>
    <AMOUNT>10000</AMOUNT>
    <CURRENCY>₹</CURRENCY>
    <FOREXSYMBOL>- * -</FOREXSYMBOL>
    <ISDEBIT>true</ISDEBIT>
   </AMOUNT>
  </ALLLEDGERENTRIES.LIST>
  <ALLLEDGERENTRIES.LIST>
   <INDEXNUMBER>2</INDEXNUMBER>
   <LEDGERNAME>Office Fund</LEDGERNAME>
   <VCHLEDGERTYPE>Others</VCHLEDGERTYPE>
   <ISDEEMEDPOSITIVE>false</ISDEEMEDPOSITIVE>
   <ISPARTYLEDGER>true</ISPARTYLEDGER>
   <AMOUNT>
    <AMOUNT>10000</AMOUNT>
    <CURRENCY>₹</CURRENCY>
    <FOREXSYMBOL>- * -</FOREXSYMBOL>
    <ISDEBIT>false</ISDEBIT>
   </AMOUNT>
  </ALLLEDGERENTRIES.LIST>
 </VOUCHER>
 <VOUCHER>
  <GUID>52889497-5b6b-403d-8f83-224e3c7759b4-000013c0</GUID>
  <REMOTEALTGUID>52889497-5b6b-403d-8f83-224e3c7759b4</REMOTEALTGUID>
  <MASTERID>5056</MASTERID>
  <ALTERID>8411</ALTERID>
  <ENTEREDBY>A</ENTEREDBY>
  <DATE>2023-09-01</DATE>
  <EFFECTIVEDATE>2023-09-01</EFFECTIVEDATE>
  <VOUCHERTYPENAME>Journal</VOUCHERTYPENAME>
  <PERSISTEDVIEW>AccountingVoucherView</PERSISTEDVIEW>
  <VCHGSTCLASS>Not Applicable</VCHGSTCLASS>
  <ISCOSTCENTRE>false</ISCOSTCENTRE>
  <VCHENTRYMODE>As Voucher</VCHENTRYMODE>
  <ISINVOICE>false</ISINVOICE>
  <VOUCHERNUMBER>24</VOUCHERNUMBER>
  <ISOPTIONAL>false</ISOPTIONAL>
  <VOUCHERNUMBERSERIES>Default</VOUCHERNUMBERSERIES>
  <GSTREGISTRATION>Bihar Registration</GSTREGISTRATION>
  <ISCANCELLED>false</ISCANCELLED>
  <OVRDNEWAYBILLAPPLICABILITY>false</OVRDNEWAYBILLAPPLICABILITY>
  <ALLLEDGERENTRIES.LIST>
   <INDEXNUMBER>1</INDEXNUMBER>
   <LEDGERNAME>Rounding Off</LEDGERNAME>
   <VCHLEDGERTYPE>Others</VCHLEDGERTYPE>
   <ISDEEMEDPOSITIVE>true</ISDEEMEDPOSITIVE>
   <ISPARTYLEDGER>false</ISPARTYLEDGER>
   <AMOUNT>
    <AMOUNT>5000</AMOUNT>
    <CURRENCY>₹</CURRENCY>
    <FOREXSYMBOL>- * -</FOREXSYMBOL>
    <ISDEBIT>true</ISDEBIT>
   </AMOUNT>
  </ALLLEDGERENTRIES.LIST>
  <ALLLEDGERENTRIES.LIST>
   <INDEXNUMBER>2</INDEXNUMBER>
   <LEDGERNAME>Office Fund</LEDGERNAME>
   <VCHLEDGERTYPE>Others</VCHLEDGERTYPE>
   <ISDEEMEDPOSITIVE>false</ISDEEMEDPOSITIVE>
   <ISPARTYLEDGER>true</ISPARTYLEDGER>
   <AMOUNT>
    <AMOUNT>5000</AMOUNT>
    <CURRENCY>₹</CURRENCY>
    <FOREXSYMBOL>- * -</FOREXSYMBOL>
    <ISDEBIT>false</ISDEBIT>
   </AMOUNT>
  </ALLLEDGERENTRIES.LIST>
 </VOUCHER>
 <VOUCHER>
  <GUID>52889497-5b6b-403d-8f83-224e3c7759b4-000013c3</GUID>
  <REMOTEALTGUID>52889497-5b6b-403d-8f83-224e3c7759b4</REMOTEALTGUID>
  <MASTERID>5059</MASTERID>
  <ALTERID>8416</ALTERID>
  <ENTEREDBY>A</ENTEREDBY>
  <DATE>2023-09-01</DATE>
  <EFFECTIVEDATE>2023-09-01</EFFECTIVEDATE>
  <VOUCHERTYPENAME>Journal</VOUCHERTYPENAME>
  <PERSISTEDVIEW>AccountingVoucherView</PERSISTEDVIEW>
  <VCHGSTCLASS>Not Applicable</VCHGSTCLASS>
  <ISCOSTCENTRE>false</ISCOSTCENTRE>
  <VCHENTRYMODE>As Voucher</VCHENTRYMODE>
  <ISINVOICE>false</ISINVOICE>
  <VOUCHERNUMBER>26</VOUCHERNUMBER>
  <ISOPTIONAL>false</ISOPTIONAL>
  <VOUCHERNUMBERSERIES>Default</VOUCHERNUMBERSERIES>
  <GSTREGISTRATION>Bihar Registration</GSTREGISTRATION>
  <ISCANCELLED>false</ISCANCELLED>
  <OVRDNEWAYBILLAPPLICABILITY>false</OVRDNEWAYBILLAPPLICABILITY>
  <ALLLEDGERENTRIES.LIST>
   <INDEXNUMBER>1</INDEXNUMBER>
   <LEDGERNAME>Interest &amp; Finance Charges</LEDGERNAME>
   <VCHLEDGERTYPE>Others</VCHLEDGERTYPE>
   <ISDEEMEDPOSITIVE>true</ISDEEMEDPOSITIVE>
   <ISPARTYLEDGER>false</ISPARTYLEDGER>
   <AMOUNT>
    <AMOUNT>10000</AMOUNT>
    <CURRENCY>₹</CURRENCY>
    <FOREXSYMBOL>- * -</FOREXSYMBOL>
    <ISDEBIT>true</ISDEBIT>
   </AMOUNT>
  </ALLLEDGERENTRIES.LIST>
  <ALLLEDGERENTRIES.LIST>
   <INDEXNUMBER>2</INDEXNUMBER>
   <LEDGERNAME>Office Fund</LEDGERNAME>
   <VCHLEDGERTYPE>Others</VCHLEDGERTYPE>
   <ISDEEMEDPOSITIVE>false</ISDEEMEDPOSITIVE>
   <ISPARTYLEDGER>true</ISPARTYLEDGER>
   <AMOUNT>
    <AMOUNT>10000</AMOUNT>
    <CURRENCY>₹</CURRENCY>
    <FOREXSYMBOL>- * -</FOREXSYMBOL>
    <ISDEBIT>false</ISDEBIT>
   </AMOUNT>
  </ALLLEDGERENTRIES.LIST>
 </VOUCHER>
 <VOUCHER>
  <GUID>52889497-5b6b-403d-8f83-224e3c7759b4-000013c5</GUID>
  <REMOTEALTGUID>52889497-5b6b-403d-8f83-224e3c7759b4</REMOTEALTGUID>
  <MASTERID>5061</MASTERID>
  <ALTERID>8418</ALTERID>
  <ENTEREDBY>A</ENTEREDBY>
  <DATE>2023-09-01</DATE>
  <EFFECTIVEDATE>2023-09-01</EFFECTIVEDATE>
  <VOUCHERTYPENAME>Journal</VOUCHERTYPENAME>
  <PERSISTEDVIEW>AccountingVoucherView</PERSISTEDVIEW>
  <VCHGSTCLASS>Not Applicable</VCHGSTCLASS>
  <ISCOSTCENTRE>false</ISCOSTCENTRE>
  <VCHENTRYMODE>As Voucher</VCHENTRYMODE>
  <ISINVOICE>false</ISINVOICE>
  <VOUCHERNUMBER>27</VOUCHERNUMBER>
  <ISOPTIONAL>false</ISOPTIONAL>
  <VOUCHERNUMBERSERIES>Default</VOUCHERNUMBERSERIES>
  <GSTREGISTRATION>Bihar Registration</GSTREGISTRATION>
  <ISCANCELLED>false</ISCANCELLED>
  <OVRDNEWAYBILLAPPLICABILITY>false</OVRDNEWAYBILLAPPLICABILITY>
  <ALLLEDGERENTRIES.LIST>
   <INDEXNUMBER>1</INDEXNUMBER>
   <LEDGERNAME>Office Fund</LEDGERNAME>
   <VCHLEDGERTYPE>Others</VCHLEDGERTYPE>
   <ISDEEMEDPOSITIVE>true</ISDEEMEDPOSITIVE>
   <ISPARTYLEDGER>true</ISPARTYLEDGER>
   <AMOUNT>
    <AMOUNT>20000</AMOUNT>
    <CURRENCY>₹</CURRENCY>
    <FOREXSYMBOL>- * -</FOREXSYMBOL>
    <ISDEBIT>true</ISDEBIT>
   </AMOUNT>
  </ALLLEDGERENTRIES.LIST>
  <ALLLEDGERENTRIES.LIST>
   <INDEXNUMBER>2</INDEXNUMBER>
   <LEDGERNAME>Interest &amp; Others</LEDGERNAME>
   <VCHLEDGERTYPE>Others</VCHLEDGERTYPE>
   <ISDEEMEDPOSITIVE>false</ISDEEMEDPOSITIVE>
   <ISPARTYLEDGER>false</ISPARTYLEDGER>
   <AMOUNT>
    <AMOUNT>20000</AMOUNT>
    <CURRENCY>₹</CURRENCY>
    <FOREXSYMBOL>- * -</FOREXSYMBOL>
    <ISDEBIT>false</ISDEBIT>
   </AMOUNT>
  </ALLLEDGERENTRIES.LIST>
 </VOUCHER>
</ENVELOPE>
