<ENVELOPE>
 <VOUCHER>
  <GUID>52889497-5b6b-403d-8f83-224e3c7759b4-00000192</GUID>
  <REMOTEALTGUID>52889497-5b6b-403d-8f83-224e3c7759b4</REMOTEALTGUID>
  <MASTERID>402</MASTERID>
  <ALTERID>7752</ALTERID>
  <ENTEREDBY>A</ENTEREDBY>
  <ALTEREDBY>A</ALTEREDBY>
  <ALTEREDON>2016-11-07</ALTEREDON>
  <DATE>2016-08-27</DATE>
  <EFFECTIVEDATE>2016-08-27</EFFECTIVEDATE>
  <VOUCHERTYPENAME>Memorandum</VOUCHERTYPENAME>
  <PERSISTEDVIEW>AccountingVoucherView</PERSISTEDVIEW>
  <VCHGSTCLASS>Not Applicable</VCHGSTCLASS>
  <ISCOSTCENTRE>false</ISCOSTCENTRE>
  <ISINVOICE>false</ISINVOICE>
  <VOUCHERNUMBER>1</VOUCHERNUMBER>
  <ISOPTIONAL>false</ISOPTIONAL>
  <VOUCHERNUMBERSERIES>Default</VOUCHERNUMBERSERIES>
  <GSTREGISTRATION>Not Applicable</GSTREGISTRATION>
  <ISCANCELLED>false</ISCANCELLED>
  <OVRDNEWAYBILLAPPLICABILITY>false</OVRDNEWAYBILLAPPLICABILITY>
  <ALLLEDGERENTRIES.LIST>
   <INDEXNUMBER>1</INDEXNUMBER>
   <LEDGERNAME>NSC</LEDGERNAME>
   <VCHLEDGERTYPE>Others</VCHLEDGERTYPE>
   <ISDEEMEDPOSITIVE>true</ISDEEMEDPOSITIVE>
   <ISPARTYLEDGER>false</ISPARTYLEDGER>
   <AMOUNT>
    <AMOUNT>15000</AMOUNT>
    <CURRENCY>₹</CURRENCY>
    <FOREXSYMBOL>- * -</FOREXSYMBOL>
    <ISDEBIT>true</ISDEBIT>
   </AMOUNT>
  </ALLLEDGERENTRIES.LIST>
  <ALLLEDGERENTRIES.LIST>
   <INDEXNUMBER>2</INDEXNUMBER>
   <LEDGERNAME>Canara Bank</LEDGERNAME>
   <VCHLEDGERTYPE>Others</VCHLEDGERTYPE>
   <ISDEEMEDPOSITIVE>false</ISDEEMEDPOSITIVE>
   <ISPARTYLEDGER>true</ISPARTYLEDGER>
   <AMOUNT>
    <AMOUNT>15000</AMOUNT>
    <CURRENCY>₹</CURRENCY>
    <FOREXSYMBOL>- * -</FOREXSYMBOL>
    <ISDEBIT>false</ISDEBIT>
   </AMOUNT>
  </ALLLEDGERENTRIES.LIST>
 </VOUCHER>
 <VOUCHER>
  <GUID>52889497-5b6b-403d-8f83-224e3c7759b4-0000019f</GUID>
  <REMOTEALTGUID>52889497-5b6b-403d-8f83-224e3c7759b4</REMOTEALTGUID>
  <MASTERID>415</MASTERID>
  <ALTERID>7765</ALTERID>
  <ENTEREDBY>A</ENTEREDBY>
  <ALTEREDBY>A</ALTEREDBY>
  <ALTEREDON>2016-11-07</ALTEREDON>
  <DATE>2016-08-31</DATE>
  <EFFECTIVEDATE>2016-08-31</EFFECTIVEDATE>
  <VOUCHERTYPENAME>Memorandum</VOUCHERTYPENAME>
  <PERSISTEDVIEW>AccountingVoucherView</PERSISTEDVIEW>
  <VCHGSTCLASS>Not Applicable</VCHGSTCLASS>
  <ISCOSTCENTRE>false</ISCOSTCENTRE>
  <ISINVOICE>false</ISINVOICE>
  <VOUCHERNUMBER>2</VOUCHERNUMBER>
  <ISOPTIONAL>false</ISOPTIONAL>
  <VOUCHERNUMBERSERIES>Default</VOUCHERNUMBERSERIES>
  <GSTREGISTRATION>Not Applicable</GSTREGISTRATION>
  <ISCANCELLED>false</ISCANCELLED>
  <OVRDNEWAYBILLAPPLICABILITY>false</OVRDNEWAYBILLAPPLICABILITY>
  <ALLLEDGERENTRIES.LIST>
   <INDEXNUMBER>1</INDEXNUMBER>
   <LEDGERNAME>Assembling Charges</LEDGERNAME>
   <VCHLEDGERTYPE>Others</VCHLEDGERTYPE>
   <ISDEEMEDPOSITIVE>true</ISDEEMEDPOSITIVE>
   <ISPARTYLEDGER>false</ISPARTYLEDGER>
   <AMOUNT>
    <AMOUNT>150</AMOUNT>
    <CURRENCY>₹</CURRENCY>
    <FOREXSYMBOL>- * -</FOREXSYMBOL>
    <ISDEBIT>true</ISDEBIT>
   </AMOUNT>
  </ALLLEDGERENTRIES.LIST>
  <ALLLEDGERENTRIES.LIST>
   <INDEXNUMBER>2</INDEXNUMBER>
   <LEDGERNAME>Cash</LEDGERNAME>
   <VCHLEDGERTYPE>Others</VCHLEDGERTYPE>
   <ISDEEMEDPOSITIVE>false</ISDEEMEDPOSITIVE>
   <ISPARTYLEDGER>true</ISPARTYLEDGER>
   <AMOUNT>
    <AMOUNT>150</AMOUNT>
    <CURRENCY>₹</CURRENCY>
    <FOREXSYMBOL>- * -</FOREXSYMBOL>
    <ISDEBIT>false</ISDEBIT>
   </AMOUNT>
  </ALLLEDGERENTRIES.LIST>
 </VOUCHER>
</ENVELOPE>
