<VOUCHER>
  <GUID>52889497-5b6b-403d-8f83-224e3c7759b4-00000307</GUID>
  <REMOTEALTGUID>52889497-5b6b-403d-8f83-224e3c7759b4</REMOTEALTGUID>
  <MASTERID>775</MASTERID>
  <ALTERID>7223</ALTERID>
  <ENTEREDBY>A</ENTEREDBY>
  <DATE>2010-01-12</DATE>
  <EFFECTIVEDATE>2010-01-12</EFFECTIVEDATE>
  <VOUCHERTYPENAME>Contra</VOUCHERTYPENAME>
  <PERSISTEDVIEW>AccountingVoucherView</PERSISTEDVIEW>
  <VCHGSTCLASS>Not Applicable</VCHGSTCLASS>
  <ISCOSTCENTRE>false</ISCOSTCENTRE>
  <ISINVOICE>false</ISINVOICE>
  <VOUCHERNUMBER>1</VOUCHERNUMBER>
  <ISOPTIONAL>false</ISOPTIONAL>
  <NARRATION>Ch. No. :1000196 Being Amount transferred.</NARRATION>
  <VOUCHERNUMBERSERIES>Default</VOUCHERNUMBERSERIES>
  <GSTREGISTRATION>Not Applicable</GSTREGISTRATION>
  <ISCANCELLED>false</ISCANCELLED>
  <OVRDNEWAYBILLAPPLICABILITY>false</OVRDNEWAYBILLAPPLICABILITY>
  <ALLLEDGERENTRIES.LIST>
    <INDEXNUMBER>1</INDEXNUMBER>
    <LEDGERNAME>HDFC Bank</LEDGERNAME>
    <VCHLEDGERTYPE>Others</VCHLEDGERTYPE>
    <ISDEEMEDPOSITIVE>false</ISDEEMEDPOSITIVE>
    <ISPARTYLEDGER>true</ISPARTYLEDGER>
    <AMOUNT>
      <AMOUNT>1000000</AMOUNT>
      <CURRENCY>₹</CURRENCY>
      <FOREXSYMBOL>- * -</FOREXSYMBOL>
      <ISDEBIT>false</ISDEBIT>
    </AMOUNT>
  </ALLLEDGERENTRIES.LIST>
  <ALLLEDGERENTRIES.LIST>
    <INDEXNUMBER>2</INDEXNUMBER>
    <LEDGERNAME>Canara Bank</LEDGERNAME>
    <VCHLEDGERTYPE>Others</VCHLEDGERTYPE>
    <ISDEEMEDPOSITIVE>true</ISDEEMEDPOSITIVE>
    <ISPARTYLEDGER>true</ISPARTYLEDGER>
    <AMOUNT>
      <AMOUNT>1000000</AMOUNT>
      <CURRENCY>₹</CURRENCY>
      <FOREXSYMBOL>- * -</FOREXSYMBOL>
      <ISDEBIT>true</ISDEBIT>
    </AMOUNT>
  </ALLLEDGERENTRIES.LIST>
</VOUCHER>
