<ENVELOPE>
 <VOUCHER>
  <GUID>52889497-5b6b-403d-8f83-224e3c7759b4-0000105d</GUID>
  <REMOTEALTGUID>52889497-5b6b-403d-8f83-224e3c7759b4</REMOTEALTGUID>
  <MASTERID>4189</MASTERID>
  <ALTERID>4502</ALTERID>
  <ENTEREDBY>A</ENTEREDBY>
  <DATE>2009-05-31</DATE>
  <EFFECTIVEDATE>2009-05-31</EFFECTIVEDATE>
  <VOUCHERTYPENAME>Sales</VOUCHERTYPENAME>
  <PERSISTEDVIEW>InvoiceVoucherView</PERSISTEDVIEW>
  <VCHGSTCLASS>Not Applicable</VCHGSTCLASS>
  <ISCOSTCENTRE>false</ISCOSTCENTRE>
  <ISINVOICE>true</ISINVOICE>
  <VOUCHERNUMBER>1</VOUCHERNUMBER>
  <ISOPTIONAL>false</ISOPTIONAL>
  <PARTYNAME>Party B</PARTYNAME>
  <VOUCHERNUMBERSERIES>Default</VOUCHERNUMBERSERIES>
  <GSTREGISTRATION>Not Applicable</GSTREGISTRATION>
  <BASICBUYERNAME>Party B</BASICBUYERNAME>
  <ISCANCELLED>false</ISCANCELLED>
  <OVRDNEWAYBILLAPPLICABILITY>false</OVRDNEWAYBILLAPPLICABILITY>
  <LEDGERENTRIES.LIST>
   <INDEXNUMBER>1</INDEXNUMBER>
   <LEDGERNAME>Party B</LEDGERNAME>
   <VCHLEDGERTYPE>Others</VCHLEDGERTYPE>
   <ISDEEMEDPOSITIVE>true</ISDEEMEDPOSITIVE>
   <ISPARTYLEDGER>true</ISPARTYLEDGER>
   <AMOUNT>
    <AMOUNT>250000</AMOUNT>
    <CURRENCY>₹</CURRENCY>
    <FOREXSYMBOL>- * -</FOREXSYMBOL>
    <ISDEBIT>true</ISDEBIT>
   </AMOUNT>
  </LEDGERENTRIES.LIST>
  <ALLINVENTORYENTRIES.LIST>
   <INDEXNUMBER>1</INDEXNUMBER>
   <STOCKITEMNAME>Assembled PIV</STOCKITEMNAME>
   <ISSCRAP>false</ISSCRAP>
   <DISCOUNT>0</DISCOUNT>
   <ISDEEMEDPOSITIVE>false</ISDEEMEDPOSITIVE>
   <BASICUSERDESCRIPTION.LIST>
    <BASICUSERDESCRIPTION></BASICUSERDESCRIPTION>
   </BASICUSERDESCRIPTION.LIST>
   <RATE>
    <BASERATE>25000.00</BASERATE>
    <FOREXRATE>25000</FOREXRATE>
    <UNIT>Nos</UNIT>
   </RATE>
   <ACTUALQTY>
    <UNIT>Nos</UNIT>
    <QUANTITY>10</QUANTITY>
   </ACTUALQTY>
   <BILLEDQTY>
    <UNIT>Nos</UNIT>
    <QUANTITY>10</QUANTITY>
   </BILLEDQTY>
   <AMOUNT>
    <AMOUNT>250000</AMOUNT>
    <CURRENCY>₹</CURRENCY>
    <FOREXSYMBOL>- * -</FOREXSYMBOL>
    <ISDEBIT>false</ISDEBIT>
   </AMOUNT>
   <BATCHALLOCATIONS.LIST>
    <TRACKINGNUMBER>Not Applicable</TRACKINGNUMBER>
    <ORDERNO>Not Applicable</ORDERNO>
    <GODOWNNAME>Assembly Floor</GODOWNNAME>
    <BATCHNAME>Primary Batch</BATCHNAME>
    <AMOUNT>
     <AMOUNT>250000</AMOUNT>
     <CURRENCY>₹</CURRENCY>
     <FOREXSYMBOL>- * -</FOREXSYMBOL>
     <ISDEBIT>false</ISDEBIT>
    </AMOUNT>
    <ACTUALQTY>
     <UNIT>Nos</UNIT>
     <QUANTITY>10</QUANTITY>
    </ACTUALQTY>
    <BILLEDQTY>
     <UNIT>Nos</UNIT>
     <QUANTITY>10</QUANTITY>
    </BILLEDQTY>
   </BATCHALLOCATIONS.LIST>
   <ACCOUNTINGALLOCATIONS.LIST>
    <INDEXNUMBER>1</INDEXNUMBER>
    <LEDGERNAME>Sales</LEDGERNAME>
    <VCHLEDGERTYPE>Others</VCHLEDGERTYPE>
    <ISDEEMEDPOSITIVE>false</ISDEEMEDPOSITIVE>
    <AMOUNT>
     <AMOUNT>250000</AMOUNT>
     <CURRENCY>₹</CURRENCY>
     <FOREXSYMBOL>- * -</FOREXSYMBOL>
     <ISDEBIT>false</ISDEBIT>
    </AMOUNT>
   </ACCOUNTINGALLOCATIONS.LIST>
  </ALLINVENTORYENTRIES.LIST>
 </VOUCHER>
 <VOUCHER>
  <GUID>52889497-5b6b-403d-8f83-224e3c7759b4-00001075</GUID>
  <REMOTEALTGUID>52889497-5b6b-403d-8f83-224e3c7759b4</REMOTEALTGUID>
  <MASTERID>4213</MASTERID>
  <ALTERID>4619</ALTERID>
  <ENTEREDBY>A</ENTEREDBY>
  <DATE>2009-05-31</DATE>
  <EFFECTIVEDATE>2009-05-31</EFFECTIVEDATE>
  <VOUCHERTYPENAME>Sales</VOUCHERTYPENAME>
  <PERSISTEDVIEW>InvoiceVoucherView</PERSISTEDVIEW>
  <VCHGSTCLASS>Not Applicable</VCHGSTCLASS>
  <ISCOSTCENTRE>false</ISCOSTCENTRE>
  <ISINVOICE>true</ISINVOICE>
  <VOUCHERNUMBER>2</VOUCHERNUMBER>
  <ISOPTIONAL>false</ISOPTIONAL>
  <BASICDUEDATEOFPYMT>60 Days</BASICDUEDATEOFPYMT>
  <PARTYNAME>ABC Ltd</PARTYNAME>
  <VOUCHERNUMBERSERIES>Default</VOUCHERNUMBERSERIES>
  <GSTREGISTRATION>Not Applicable</GSTREGISTRATION>
  <BASICBUYERNAME>All India Computer Institute</BASICBUYERNAME>
  <ISCANCELLED>false</ISCANCELLED>
  <OVRDNEWAYBILLAPPLICABILITY>false</OVRDNEWAYBILLAPPLICABILITY>
  <LEDGERENTRIES.LIST>
   <INDEXNUMBER>1</INDEXNUMBER>
   <LEDGERNAME>All India Computer Institute</LEDGERNAME>
   <VCHLEDGERTYPE>Others</VCHLEDGERTYPE>
   <ISDEEMEDPOSITIVE>true</ISDEEMEDPOSITIVE>
   <ISPARTYLEDGER>true</ISPARTYLEDGER>
   <AMOUNT>
    <AMOUNT>150000</AMOUNT>
    <CURRENCY>₹</CURRENCY>
    <FOREXSYMBOL>- * -</FOREXSYMBOL>
    <ISDEBIT>true</ISDEBIT>
   </AMOUNT>
   <BILLALLOCATIONS.LIST>
    <BILLTYPE>NewRef</BILLTYPE>
    <NAME>103</NAME>
    <BILLCREDITPERIOD>
     <DUEONDATE>2009-07-30</DUEONDATE>
     <INDAYS>60</INDAYS>
     <INTEXT>60 Days</INTEXT>
    </BILLCREDITPERIOD>
    <AMOUNT>
     <AMOUNT>150000</AMOUNT>
     <CURRENCY>₹</CURRENCY>
     <FOREXSYMBOL>- * -</FOREXSYMBOL>
     <ISDEBIT>true</ISDEBIT>
    </AMOUNT>
   </BILLALLOCATIONS.LIST>
  </LEDGERENTRIES.LIST>
  <ALLINVENTORYENTRIES.LIST>
   <INDEXNUMBER>1</INDEXNUMBER>
   <STOCKITEMNAME>Assembled PIV</STOCKITEMNAME>
   <ISSCRAP>false</ISSCRAP>
   <DISCOUNT>0</DISCOUNT>
   <ISDEEMEDPOSITIVE>false</ISDEEMEDPOSITIVE>
   <BASICUSERDESCRIPTION.LIST>
    <BASICUSERDESCRIPTION>Desc1</BASICUSERDESCRIPTION>
    <BASICUSERDESCRIPTION>Desc2</BASICUSERDESCRIPTION>
    <BASICUSERDESCRIPTION>Desc3</BASICUSERDESCRIPTION>
    <BASICUSERDESCRIPTION>Desc4</BASICUSERDESCRIPTION>
   </BASICUSERDESCRIPTION.LIST>
   <RATE>
    <BASERATE>15000.00</BASERATE>
    <FOREXRATE>15000</FOREXRATE>
    <UNIT>Nos</UNIT>
   </RATE>
   <ACTUALQTY>
    <UNIT>Nos</UNIT>
    <QUANTITY>10</QUANTITY>
   </ACTUALQTY>
   <BILLEDQTY>
    <UNIT>Nos</UNIT>
    <QUANTITY>10</QUANTITY>
   </BILLEDQTY>
   <AMOUNT>
    <AMOUNT>150000</AMOUNT>
    <CURRENCY>₹</CURRENCY>
    <FOREXSYMBOL>- * -</FOREXSYMBOL>
    <ISDEBIT>false</ISDEBIT>
   </AMOUNT>
   <BATCHALLOCATIONS.LIST>
    <TRACKINGNUMBER>Not Applicable</TRACKINGNUMBER>
    <ORDERNO>Not Applicable</ORDERNO>
    <GODOWNNAME>Stores II</GODOWNNAME>
    <BATCHNAME>Primary Batch</BATCHNAME>
    <AMOUNT>
     <AMOUNT>150000</AMOUNT>
     <CURRENCY>₹</CURRENCY>
     <FOREXSYMBOL>- * -</FOREXSYMBOL>
     <ISDEBIT>false</ISDEBIT>
    </AMOUNT>
    <ACTUALQTY>
     <UNIT>Nos</UNIT>
     <QUANTITY>10</QUANTITY>
    </ACTUALQTY>
    <BILLEDQTY>
     <UNIT>Nos</UNIT>
     <QUANTITY>10</QUANTITY>
    </BILLEDQTY>
   </BATCHALLOCATIONS.LIST>
   <ACCOUNTINGALLOCATIONS.LIST>
    <INDEXNUMBER>1</INDEXNUMBER>
    <LEDGERNAME>Cash Sales</LEDGERNAME>
    <VCHLEDGERTYPE>Others</VCHLEDGERTYPE>
    <ISDEEMEDPOSITIVE>false</ISDEEMEDPOSITIVE>
    <AMOUNT>
     <AMOUNT>150000</AMOUNT>
     <CURRENCY>₹</CURRENCY>
     <FOREXSYMBOL>- * -</FOREXSYMBOL>
     <ISDEBIT>false</ISDEBIT>
    </AMOUNT>
   </ACCOUNTINGALLOCATIONS.LIST>
  </ALLINVENTORYENTRIES.LIST>
 </VOUCHER>
 <VOUCHER>
  <GUID>52889497-5b6b-403d-8f83-224e3c7759b4-00001076</GUID>
  <REMOTEALTGUID>52889497-5b6b-403d-8f83-224e3c7759b4</REMOTEALTGUID>
  <MASTERID>4214</MASTERID>
  <ALTERID>4381</ALTERID>
  <ENTEREDBY>A</ENTEREDBY>
  <DATE>2009-05-31</DATE>
  <EFFECTIVEDATE>2009-05-31</EFFECTIVEDATE>
  <VOUCHERTYPENAME>Sales</VOUCHERTYPENAME>
  <PERSISTEDVIEW>InvoiceVoucherView</PERSISTEDVIEW>
  <VCHGSTCLASS>Not Applicable</VCHGSTCLASS>
  <ISCOSTCENTRE>false</ISCOSTCENTRE>
  <ISINVOICE>true</ISINVOICE>
  <VOUCHERNUMBER>3</VOUCHERNUMBER>
  <ISOPTIONAL>false</ISOPTIONAL>
  <PARTYNAME>ABC Ltd</PARTYNAME>
  <VOUCHERNUMBERSERIES>Default</VOUCHERNUMBERSERIES>
  <GSTREGISTRATION>Not Applicable</GSTREGISTRATION>
  <BASICBUYERNAME>ABC Ltd</BASICBUYERNAME>
  <ISCANCELLED>false</ISCANCELLED>
  <OVRDNEWAYBILLAPPLICABILITY>false</OVRDNEWAYBILLAPPLICABILITY>
  <LEDGERENTRIES.LIST>
   <INDEXNUMBER>1</INDEXNUMBER>
   <LEDGERNAME>ABC India Pvt. Ltd.</LEDGERNAME>
   <VCHLEDGERTYPE>Others</VCHLEDGERTYPE>
   <ISDEEMEDPOSITIVE>true</ISDEEMEDPOSITIVE>
   <ISPARTYLEDGER>true</ISPARTYLEDGER>
   <AMOUNT>
    <AMOUNT>25000</AMOUNT>
    <CURRENCY>₹</CURRENCY>
    <FOREXSYMBOL>- * -</FOREXSYMBOL>
    <ISDEBIT>true</ISDEBIT>
   </AMOUNT>
   <BILLALLOCATIONS.LIST>
    <BILLTYPE>NewRef</BILLTYPE>
    <NAME>104</NAME>
    <AMOUNT>
     <AMOUNT>25000</AMOUNT>
     <CURRENCY>₹</CURRENCY>
     <FOREXSYMBOL>- * -</FOREXSYMBOL>
     <ISDEBIT>true</ISDEBIT>
    </AMOUNT>
   </BILLALLOCATIONS.LIST>
  </LEDGERENTRIES.LIST>
  <ALLINVENTORYENTRIES.LIST>
   <INDEXNUMBER>1</INDEXNUMBER>
   <STOCKITEMNAME>Assembled PIV</STOCKITEMNAME>
   <ISSCRAP>false</ISSCRAP>
   <DISCOUNT>0</DISCOUNT>
   <ISDEEMEDPOSITIVE>false</ISDEEMEDPOSITIVE>
   <BASICUSERDESCRIPTION.LIST>
    <BASICUSERDESCRIPTION></BASICUSERDESCRIPTION>
   </BASICUSERDESCRIPTION.LIST>
   <RATE>
    <BASERATE>25000.00</BASERATE>
    <FOREXRATE>25000</FOREXRATE>
    <UNIT>Nos</UNIT>
   </RATE>
   <ACTUALQTY>
    <UNIT>Nos</UNIT>
    <QUANTITY>1</QUANTITY>
   </ACTUALQTY>
   <BILLEDQTY>
    <UNIT>Nos</UNIT>
    <QUANTITY>1</QUANTITY>
   </BILLEDQTY>
   <AMOUNT>
    <AMOUNT>25000</AMOUNT>
    <CURRENCY>₹</CURRENCY>
    <FOREXSYMBOL>- * -</FOREXSYMBOL>
    <ISDEBIT>false</ISDEBIT>
   </AMOUNT>
   <BATCHALLOCATIONS.LIST>
    <TRACKINGNUMBER>Not Applicable</TRACKINGNUMBER>
    <ORDERNO>Not Applicable</ORDERNO>
    <GODOWNNAME>Stores II</GODOWNNAME>
    <BATCHNAME>Primary Batch</BATCHNAME>
    <AMOUNT>
     <AMOUNT>25000</AMOUNT>
     <CURRENCY>₹</CURRENCY>
     <FOREXSYMBOL>- * -</FOREXSYMBOL>
     <ISDEBIT>false</ISDEBIT>
    </AMOUNT>
    <ACTUALQTY>
     <UNIT>Nos</UNIT>
     <QUANTITY>1</QUANTITY>
    </ACTUALQTY>
    <BILLEDQTY>
     <UNIT>Nos</UNIT>
     <QUANTITY>1</QUANTITY>
    </BILLEDQTY>
   </BATCHALLOCATIONS.LIST>
   <ACCOUNTINGALLOCATIONS.LIST>
    <INDEXNUMBER>1</INDEXNUMBER>
    <LEDGERNAME>Cash Sales</LEDGERNAME>
    <VCHLEDGERTYPE>Others</VCHLEDGERTYPE>
    <ISDEEMEDPOSITIVE>false</ISDEEMEDPOSITIVE>
    <AMOUNT>
     <AMOUNT>25000</AMOUNT>
     <CURRENCY>₹</CURRENCY>
     <FOREXSYMBOL>- * -</FOREXSYMBOL>
     <ISDEBIT>false</ISDEBIT>
    </AMOUNT>
   </ACCOUNTINGALLOCATIONS.LIST>
  </ALLINVENTORYENTRIES.LIST>
 </VOUCHER>
 <VOUCHER>
  <GUID>52889497-5b6b-403d-8f83-224e3c7759b4-00001077</GUID>
  <REMOTEALTGUID>52889497-5b6b-403d-8f83-224e3c7759b4</REMOTEALTGUID>
  <MASTERID>4215</MASTERID>
  <ALTERID>4382</ALTERID>
  <ENTEREDBY>A</ENTEREDBY>
  <DATE>2009-05-31</DATE>
  <EFFECTIVEDATE>2009-05-31</EFFECTIVEDATE>
  <VOUCHERTYPENAME>Sales</VOUCHERTYPENAME>
  <PERSISTEDVIEW>InvoiceVoucherView</PERSISTEDVIEW>
  <VCHGSTCLASS>Not Applicable</VCHGSTCLASS>
  <ISCOSTCENTRE>false</ISCOSTCENTRE>
  <ISINVOICE>true</ISINVOICE>
  <VOUCHERNUMBER>4</VOUCHERNUMBER>
  <ISOPTIONAL>false</ISOPTIONAL>
  <PARTYNAME>Adview Consultants</PARTYNAME>
  <VOUCHERNUMBERSERIES>Default</VOUCHERNUMBERSERIES>
  <GSTREGISTRATION>Not Applicable</GSTREGISTRATION>
  <BASICBUYERNAME>Adview Consultants</BASICBUYERNAME>
  <ISCANCELLED>false</ISCANCELLED>
  <OVRDNEWAYBILLAPPLICABILITY>false</OVRDNEWAYBILLAPPLICABILITY>
  <LEDGERENTRIES.LIST>
   <INDEXNUMBER>1</INDEXNUMBER>
   <LEDGERNAME>Adview Consultants</LEDGERNAME>
   <VCHLEDGERTYPE>Others</VCHLEDGERTYPE>
   <ISDEEMEDPOSITIVE>true</ISDEEMEDPOSITIVE>
   <ISPARTYLEDGER>true</ISPARTYLEDGER>
   <AMOUNT>
    <AMOUNT>250000</AMOUNT>
    <CURRENCY>₹</CURRENCY>
    <FOREXSYMBOL>- * -</FOREXSYMBOL>
    <ISDEBIT>true</ISDEBIT>
   </AMOUNT>
   <BILLALLOCATIONS.LIST>
    <BILLTYPE>NewRef</BILLTYPE>
    <NAME>105</NAME>
    <AMOUNT>
     <AMOUNT>250000</AMOUNT>
     <CURRENCY>₹</CURRENCY>
     <FOREXSYMBOL>- * -</FOREXSYMBOL>
     <ISDEBIT>true</ISDEBIT>
    </AMOUNT>
   </BILLALLOCATIONS.LIST>
  </LEDGERENTRIES.LIST>
  <ALLINVENTORYENTRIES.LIST>
   <INDEXNUMBER>1</INDEXNUMBER>
   <STOCKITEMNAME>Assembled PIV</STOCKITEMNAME>
   <ISSCRAP>false</ISSCRAP>
   <DISCOUNT>0</DISCOUNT>
   <ISDEEMEDPOSITIVE>false</ISDEEMEDPOSITIVE>
   <BASICUSERDESCRIPTION.LIST>
    <BASICUSERDESCRIPTION></BASICUSERDESCRIPTION>
   </BASICUSERDESCRIPTION.LIST>
   <RATE>
    <BASERATE>25000.00</BASERATE>
    <FOREXRATE>25000</FOREXRATE>
    <UNIT>Nos</UNIT>
   </RATE>
   <ACTUALQTY>
    <UNIT>Nos</UNIT>
    <QUANTITY>10</QUANTITY>
   </ACTUALQTY>
   <BILLEDQTY>
    <UNIT>Nos</UNIT>
    <QUANTITY>10</QUANTITY>
   </BILLEDQTY>
   <AMOUNT>
    <AMOUNT>250000</AMOUNT>
    <CURRENCY>₹</CURRENCY>
    <FOREXSYMBOL>- * -</FOREXSYMBOL>
    <ISDEBIT>false</ISDEBIT>
   </AMOUNT>
   <BATCHALLOCATIONS.LIST>
    <TRACKINGNUMBER>Not Applicable</TRACKINGNUMBER>
    <ORDERNO>Not Applicable</ORDERNO>
    <GODOWNNAME>Stores II</GODOWNNAME>
    <BATCHNAME>Primary Batch</BATCHNAME>
    <AMOUNT>
     <AMOUNT>250000</AMOUNT>
     <CURRENCY>₹</CURRENCY>
     <FOREXSYMBOL>- * -</FOREXSYMBOL>
     <ISDEBIT>false</ISDEBIT>
    </AMOUNT>
    <ACTUALQTY>
     <UNIT>Nos</UNIT>
     <QUANTITY>10</QUANTITY>
    </ACTUALQTY>
    <BILLEDQTY>
     <UNIT>Nos</UNIT>
     <QUANTITY>10</QUANTITY>
    </BILLEDQTY>
   </BATCHALLOCATIONS.LIST>
   <ACCOUNTINGALLOCATIONS.LIST>
    <INDEXNUMBER>1</INDEXNUMBER>
    <LEDGERNAME>Advertisement Charges</LEDGERNAME>
    <VCHLEDGERTYPE>Others</VCHLEDGERTYPE>
    <ISDEEMEDPOSITIVE>false</ISDEEMEDPOSITIVE>
    <AMOUNT>
     <AMOUNT>250000</AMOUNT>
     <CURRENCY>₹</CURRENCY>
     <FOREXSYMBOL>- * -</FOREXSYMBOL>
     <ISDEBIT>false</ISDEBIT>
    </AMOUNT>
   </ACCOUNTINGALLOCATIONS.LIST>
  </ALLINVENTORYENTRIES.LIST>
 </VOUCHER>
 <VOUCHER>
  <GUID>52889497-5b6b-403d-8f83-224e3c7759b4-00001078</GUID>
  <REMOTEALTGUID>52889497-5b6b-403d-8f83-224e3c7759b4</REMOTEALTGUID>
  <MASTERID>4216</MASTERID>
  <ALTERID>4383</ALTERID>
  <ENTEREDBY>A</ENTEREDBY>
  <DATE>2009-05-31</DATE>
  <EFFECTIVEDATE>2009-05-31</EFFECTIVEDATE>
  <VOUCHERTYPENAME>Sales</VOUCHERTYPENAME>
  <PERSISTEDVIEW>InvoiceVoucherView</PERSISTEDVIEW>
  <VCHGSTCLASS>Not Applicable</VCHGSTCLASS>
  <ISCOSTCENTRE>false</ISCOSTCENTRE>
  <ISINVOICE>true</ISINVOICE>
  <VOUCHERNUMBER>5</VOUCHERNUMBER>
  <ISOPTIONAL>false</ISOPTIONAL>
  <PARTYNAME>Adview Consultants</PARTYNAME>
  <VOUCHERNUMBERSERIES>Default</VOUCHERNUMBERSERIES>
  <GSTREGISTRATION>Not Applicable</GSTREGISTRATION>
  <BASICBUYERNAME>Adview Consultants</BASICBUYERNAME>
  <ISCANCELLED>false</ISCANCELLED>
  <OVRDNEWAYBILLAPPLICABILITY>false</OVRDNEWAYBILLAPPLICABILITY>
  <LEDGERENTRIES.LIST>
   <INDEXNUMBER>1</INDEXNUMBER>
   <LEDGERNAME>Adview Consultants</LEDGERNAME>
   <VCHLEDGERTYPE>Others</VCHLEDGERTYPE>
   <ISDEEMEDPOSITIVE>true</ISDEEMEDPOSITIVE>
   <ISPARTYLEDGER>true</ISPARTYLEDGER>
   <AMOUNT>
    <AMOUNT>25000</AMOUNT>
    <CURRENCY>₹</CURRENCY>
    <FOREXSYMBOL>- * -</FOREXSYMBOL>
    <ISDEBIT>true</ISDEBIT>
   </AMOUNT>
   <BILLALLOCATIONS.LIST>
    <BILLTYPE>NewRef</BILLTYPE>
    <NAME>106</NAME>
    <AMOUNT>
     <AMOUNT>25000</AMOUNT>
     <CURRENCY>₹</CURRENCY>
     <FOREXSYMBOL>- * -</FOREXSYMBOL>
     <ISDEBIT>true</ISDEBIT>
    </AMOUNT>
   </BILLALLOCATIONS.LIST>
  </LEDGERENTRIES.LIST>
  <ALLINVENTORYENTRIES.LIST>
   <INDEXNUMBER>1</INDEXNUMBER>
   <STOCKITEMNAME>Assembled PIV</STOCKITEMNAME>
   <ISSCRAP>false</ISSCRAP>
   <DISCOUNT>0</DISCOUNT>
   <ISDEEMEDPOSITIVE>false</ISDEEMEDPOSITIVE>
   <BASICUSERDESCRIPTION.LIST>
    <BASICUSERDESCRIPTION></BASICUSERDESCRIPTION>
   </BASICUSERDESCRIPTION.LIST>
   <RATE>
    <BASERATE>25000.00</BASERATE>
    <FOREXRATE>25000</FOREXRATE>
    <UNIT>Nos</UNIT>
   </RATE>
   <ACTUALQTY>
    <UNIT>Nos</UNIT>
    <QUANTITY>1</QUANTITY>
   </ACTUALQTY>
   <BILLEDQTY>
    <UNIT>Nos</UNIT>
    <QUANTITY>1</QUANTITY>
   </BILLEDQTY>
   <AMOUNT>
    <AMOUNT>25000</AMOUNT>
    <CURRENCY>₹</CURRENCY>
    <FOREXSYMBOL>- * -</FOREXSYMBOL>
    <ISDEBIT>false</ISDEBIT>
   </AMOUNT>
   <BATCHALLOCATIONS.LIST>
    <TRACKINGNUMBER>Not Applicable</TRACKINGNUMBER>
    <ORDERNO>Not Applicable</ORDERNO>
    <GODOWNNAME>Assembly Floor</GODOWNNAME>
    <BATCHNAME>Primary Batch</BATCHNAME>
    <AMOUNT>
     <AMOUNT>25000</AMOUNT>
     <CURRENCY>₹</CURRENCY>
     <FOREXSYMBOL>- * -</FOREXSYMBOL>
     <ISDEBIT>false</ISDEBIT>
    </AMOUNT>
    <ACTUALQTY>
     <UNIT>Nos</UNIT>
     <QUANTITY>1</QUANTITY>
    </ACTUALQTY>
    <BILLEDQTY>
     <UNIT>Nos</UNIT>
     <QUANTITY>1</QUANTITY>
    </BILLEDQTY>
   </BATCHALLOCATIONS.LIST>
   <ACCOUNTINGALLOCATIONS.LIST>
    <INDEXNUMBER>1</INDEXNUMBER>
    <LEDGERNAME>Interstate Sales @ 4%</LEDGERNAME>
    <LEDGERTAXTYPE>Sales Tax</LEDGERTAXTYPE>
    <VCHLEDGERTYPE>Others</VCHLEDGERTYPE>
    <ISDEEMEDPOSITIVE>false</ISDEEMEDPOSITIVE>
    <AMOUNT>
     <AMOUNT>25000</AMOUNT>
     <CURRENCY>₹</CURRENCY>
     <FOREXSYMBOL>- * -</FOREXSYMBOL>
     <ISDEBIT>false</ISDEBIT>
    </AMOUNT>
   </ACCOUNTINGALLOCATIONS.LIST>
  </ALLINVENTORYENTRIES.LIST>
 </VOUCHER>
 <VOUCHER>
  <GUID>52889497-5b6b-403d-8f83-224e3c7759b4-00001079</GUID>
  <REMOTEALTGUID>52889497-5b6b-403d-8f83-224e3c7759b4</REMOTEALTGUID>
  <MASTERID>4217</MASTERID>
  <ALTERID>4384</ALTERID>
  <ENTEREDBY>A</ENTEREDBY>
  <DATE>2009-05-31</DATE>
  <EFFECTIVEDATE>2009-05-31</EFFECTIVEDATE>
  <VOUCHERTYPENAME>Sales</VOUCHERTYPENAME>
  <PERSISTEDVIEW>InvoiceVoucherView</PERSISTEDVIEW>
  <VCHGSTCLASS>Not Applicable</VCHGSTCLASS>
  <ISCOSTCENTRE>false</ISCOSTCENTRE>
  <ISINVOICE>true</ISINVOICE>
  <VOUCHERNUMBER>6</VOUCHERNUMBER>
  <ISOPTIONAL>false</ISOPTIONAL>
  <PARTYNAME>ABC Ltd</PARTYNAME>
  <VOUCHERNUMBERSERIES>Default</VOUCHERNUMBERSERIES>
  <GSTREGISTRATION>Not Applicable</GSTREGISTRATION>
  <BASICBUYERNAME>ABC Ltd</BASICBUYERNAME>
  <ISCANCELLED>false</ISCANCELLED>
  <OVRDNEWAYBILLAPPLICABILITY>false</OVRDNEWAYBILLAPPLICABILITY>
  <LEDGERENTRIES.LIST>
   <INDEXNUMBER>1</INDEXNUMBER>
   <LEDGERNAME>ABC India Pvt. Ltd.</LEDGERNAME>
   <VCHLEDGERTYPE>Others</VCHLEDGERTYPE>
   <ISDEEMEDPOSITIVE>true</ISDEEMEDPOSITIVE>
   <ISPARTYLEDGER>true</ISPARTYLEDGER>
   <AMOUNT>
    <AMOUNT>250000</AMOUNT>
    <CURRENCY>₹</CURRENCY>
    <FOREXSYMBOL>- * -</FOREXSYMBOL>
    <ISDEBIT>true</ISDEBIT>
   </AMOUNT>
   <BILLALLOCATIONS.LIST>
    <BILLTYPE>NewRef</BILLTYPE>
    <NAME>107</NAME>
    <AMOUNT>
     <AMOUNT>250000</AMOUNT>
     <CURRENCY>₹</CURRENCY>
     <FOREXSYMBOL>- * -</FOREXSYMBOL>
     <ISDEBIT>true</ISDEBIT>
    </AMOUNT>
   </BILLALLOCATIONS.LIST>
  </LEDGERENTRIES.LIST>
  <ALLINVENTORYENTRIES.LIST>
   <INDEXNUMBER>1</INDEXNUMBER>
   <STOCKITEMNAME>Assembled PIV</STOCKITEMNAME>
   <ISSCRAP>false</ISSCRAP>
   <DISCOUNT>0</DISCOUNT>
   <ISDEEMEDPOSITIVE>false</ISDEEMEDPOSITIVE>
   <BASICUSERDESCRIPTION.LIST>
    <BASICUSERDESCRIPTION></BASICUSERDESCRIPTION>
   </BASICUSERDESCRIPTION.LIST>
   <RATE>
    <BASERATE>25000.00</BASERATE>
    <FOREXRATE>25000</FOREXRATE>
    <UNIT>Nos</UNIT>
   </RATE>
   <ACTUALQTY>
    <UNIT>Nos</UNIT>
    <QUANTITY>10</QUANTITY>
   </ACTUALQTY>
   <BILLEDQTY>
    <UNIT>Nos</UNIT>
    <QUANTITY>10</QUANTITY>
   </BILLEDQTY>
   <AMOUNT>
    <AMOUNT>250000</AMOUNT>
    <CURRENCY>₹</CURRENCY>
    <FOREXSYMBOL>- * -</FOREXSYMBOL>
    <ISDEBIT>false</ISDEBIT>
   </AMOUNT>
   <BATCHALLOCATIONS.LIST>
    <TRACKINGNUMBER>Not Applicable</TRACKINGNUMBER>
    <ORDERNO>Not Applicable</ORDERNO>
    <GODOWNNAME>Stores II</GODOWNNAME>
    <BATCHNAME>Primary Batch</BATCHNAME>
    <AMOUNT>
     <AMOUNT>250000</AMOUNT>
     <CURRENCY>₹</CURRENCY>
     <FOREXSYMBOL>- * -</FOREXSYMBOL>
     <ISDEBIT>false</ISDEBIT>
    </AMOUNT>
    <ACTUALQTY>
     <UNIT>Nos</UNIT>
     <QUANTITY>10</QUANTITY>
    </ACTUALQTY>
    <BILLEDQTY>
     <UNIT>Nos</UNIT>
     <QUANTITY>10</QUANTITY>
    </BILLEDQTY>
   </BATCHALLOCATIONS.LIST>
   <ACCOUNTINGALLOCATIONS.LIST>
    <INDEXNUMBER>1</INDEXNUMBER>
    <LEDGERNAME>Advertisement Charges</LEDGERNAME>
    <VCHLEDGERTYPE>Others</VCHLEDGERTYPE>
    <ISDEEMEDPOSITIVE>false</ISDEEMEDPOSITIVE>
    <AMOUNT>
     <AMOUNT>250000</AMOUNT>
     <CURRENCY>₹</CURRENCY>
     <FOREXSYMBOL>- * -</FOREXSYMBOL>
     <ISDEBIT>false</ISDEBIT>
    </AMOUNT>
   </ACCOUNTINGALLOCATIONS.LIST>
  </ALLINVENTORYENTRIES.LIST>
 </VOUCHER>
 <VOUCHER>
  <GUID>52889497-5b6b-403d-8f83-224e3c7759b4-0000107d</GUID>
  <REMOTEALTGUID>52889497-5b6b-403d-8f83-224e3c7759b4</REMOTEALTGUID>
  <MASTERID>4221</MASTERID>
  <ALTERID>4393</ALTERID>
  <ENTEREDBY>A</ENTEREDBY>
  <DATE>2009-05-31</DATE>
  <EFFECTIVEDATE>2009-05-31</EFFECTIVEDATE>
  <VOUCHERTYPENAME>Sales</VOUCHERTYPENAME>
  <PERSISTEDVIEW>InvoiceVoucherView</PERSISTEDVIEW>
  <VCHGSTCLASS>Not Applicable</VCHGSTCLASS>
  <ISCOSTCENTRE>false</ISCOSTCENTRE>
  <ISINVOICE>true</ISINVOICE>
  <VOUCHERNUMBER>7</VOUCHERNUMBER>
  <ISOPTIONAL>false</ISOPTIONAL>
  <PARTYNAME>ABC Ltd</PARTYNAME>
  <VOUCHERNUMBERSERIES>Default</VOUCHERNUMBERSERIES>
  <GSTREGISTRATION>Not Applicable</GSTREGISTRATION>
  <BASICBUYERNAME>ABC Ltd</BASICBUYERNAME>
  <ISCANCELLED>false</ISCANCELLED>
  <OVRDNEWAYBILLAPPLICABILITY>false</OVRDNEWAYBILLAPPLICABILITY>
  <LEDGERENTRIES.LIST>
   <INDEXNUMBER>1</INDEXNUMBER>
   <LEDGERNAME>ABC India Pvt. Ltd.</LEDGERNAME>
   <VCHLEDGERTYPE>Others</VCHLEDGERTYPE>
   <ISDEEMEDPOSITIVE>true</ISDEEMEDPOSITIVE>
   <ISPARTYLEDGER>true</ISPARTYLEDGER>
   <AMOUNT>
    <AMOUNT>250000</AMOUNT>
    <CURRENCY>₹</CURRENCY>
    <FOREXSYMBOL>- * -</FOREXSYMBOL>
    <ISDEBIT>true</ISDEBIT>
   </AMOUNT>
   <BILLALLOCATIONS.LIST>
    <BILLTYPE>NewRef</BILLTYPE>
    <NAME>1</NAME>
    <AMOUNT>
     <AMOUNT>250000</AMOUNT>
     <CURRENCY>₹</CURRENCY>
     <FOREXSYMBOL>- * -</FOREXSYMBOL>
     <ISDEBIT>true</ISDEBIT>
    </AMOUNT>
   </BILLALLOCATIONS.LIST>
  </LEDGERENTRIES.LIST>
  <ALLINVENTORYENTRIES.LIST>
   <INDEXNUMBER>1</INDEXNUMBER>
   <STOCKITEMNAME>Assembled PIV</STOCKITEMNAME>
   <ISSCRAP>false</ISSCRAP>
   <DISCOUNT>0</DISCOUNT>
   <ISDEEMEDPOSITIVE>false</ISDEEMEDPOSITIVE>
   <BASICUSERDESCRIPTION.LIST>
    <BASICUSERDESCRIPTION></BASICUSERDESCRIPTION>
   </BASICUSERDESCRIPTION.LIST>
   <RATE>
    <BASERATE>25000.00</BASERATE>
    <FOREXRATE>25000</FOREXRATE>
    <UNIT>Nos</UNIT>
   </RATE>
   <ACTUALQTY>
    <UNIT>Nos</UNIT>
    <QUANTITY>10</QUANTITY>
   </ACTUALQTY>
   <BILLEDQTY>
    <UNIT>Nos</UNIT>
    <QUANTITY>10</QUANTITY>
   </BILLEDQTY>
   <AMOUNT>
    <AMOUNT>250000</AMOUNT>
    <CURRENCY>₹</CURRENCY>
    <FOREXSYMBOL>- * -</FOREXSYMBOL>
    <ISDEBIT>false</ISDEBIT>
   </AMOUNT>
   <BATCHALLOCATIONS.LIST>
    <TRACKINGNUMBER>Not Applicable</TRACKINGNUMBER>
    <ORDERNO>Not Applicable</ORDERNO>
    <GODOWNNAME>Stores II</GODOWNNAME>
    <BATCHNAME>Primary Batch</BATCHNAME>
    <AMOUNT>
     <AMOUNT>250000</AMOUNT>
     <CURRENCY>₹</CURRENCY>
     <FOREXSYMBOL>- * -</FOREXSYMBOL>
     <ISDEBIT>false</ISDEBIT>
    </AMOUNT>
    <ACTUALQTY>
     <UNIT>Nos</UNIT>
     <QUANTITY>10</QUANTITY>
    </ACTUALQTY>
    <BILLEDQTY>
     <UNIT>Nos</UNIT>
     <QUANTITY>10</QUANTITY>
    </BILLEDQTY>
   </BATCHALLOCATIONS.LIST>
   <ACCOUNTINGALLOCATIONS.LIST>
    <INDEXNUMBER>1</INDEXNUMBER>
    <LEDGERNAME>Advertisement Charges</LEDGERNAME>
    <VCHLEDGERTYPE>Others</VCHLEDGERTYPE>
    <ISDEEMEDPOSITIVE>false</ISDEEMEDPOSITIVE>
    <AMOUNT>
     <AMOUNT>250000</AMOUNT>
     <CURRENCY>₹</CURRENCY>
     <FOREXSYMBOL>- * -</FOREXSYMBOL>
     <ISDEBIT>false</ISDEBIT>
    </AMOUNT>
   </ACCOUNTINGALLOCATIONS.LIST>
  </ALLINVENTORYENTRIES.LIST>
 </VOUCHER>
 <VOUCHER>
  <GUID>52889497-5b6b-403d-8f83-224e3c7759b4-0000107e</GUID>
  <REMOTEALTGUID>52889497-5b6b-403d-8f83-224e3c7759b4</REMOTEALTGUID>
  <MASTERID>4222</MASTERID>
  <ALTERID>4501</ALTERID>
  <ENTEREDBY>A</ENTEREDBY>
  <DATE>2009-05-31</DATE>
  <EFFECTIVEDATE>2009-05-31</EFFECTIVEDATE>
  <VOUCHERTYPENAME>Sales</VOUCHERTYPENAME>
  <PERSISTEDVIEW>InvoiceVoucherView</PERSISTEDVIEW>
  <VCHGSTCLASS>Not Applicable</VCHGSTCLASS>
  <ISCOSTCENTRE>false</ISCOSTCENTRE>
  <ISINVOICE>true</ISINVOICE>
  <VOUCHERNUMBER>8</VOUCHERNUMBER>
  <ISOPTIONAL>false</ISOPTIONAL>
  <PARTYNAME>ABC Ltd</PARTYNAME>
  <VOUCHERNUMBERSERIES>Default</VOUCHERNUMBERSERIES>
  <GSTREGISTRATION>Not Applicable</GSTREGISTRATION>
  <BASICBUYERNAME>ABC Ltd</BASICBUYERNAME>
  <ISCANCELLED>false</ISCANCELLED>
  <OVRDNEWAYBILLAPPLICABILITY>false</OVRDNEWAYBILLAPPLICABILITY>
  <LEDGERENTRIES.LIST>
   <INDEXNUMBER>1</INDEXNUMBER>
   <LEDGERNAME>ABC India Pvt. Ltd.</LEDGERNAME>
   <VCHLEDGERTYPE>Others</VCHLEDGERTYPE>
   <ISDEEMEDPOSITIVE>true</ISDEEMEDPOSITIVE>
   <ISPARTYLEDGER>true</ISPARTYLEDGER>
   <AMOUNT>
    <AMOUNT>250000</AMOUNT>
    <CURRENCY>₹</CURRENCY>
    <FOREXSYMBOL>- * -</FOREXSYMBOL>
    <ISDEBIT>true</ISDEBIT>
   </AMOUNT>
   <BILLALLOCATIONS.LIST>
    <BILLTYPE>AgstRef</BILLTYPE>
    <NAME>1</NAME>
    <AMOUNT>
     <AMOUNT>250000</AMOUNT>
     <CURRENCY>₹</CURRENCY>
     <FOREXSYMBOL>- * -</FOREXSYMBOL>
     <ISDEBIT>true</ISDEBIT>
    </AMOUNT>
   </BILLALLOCATIONS.LIST>
  </LEDGERENTRIES.LIST>
  <ALLINVENTORYENTRIES.LIST>
   <INDEXNUMBER>1</INDEXNUMBER>
   <STOCKITEMNAME>Assembled PIV</STOCKITEMNAME>
   <ISSCRAP>false</ISSCRAP>
   <DISCOUNT>0</DISCOUNT>
   <ISDEEMEDPOSITIVE>false</ISDEEMEDPOSITIVE>
   <BASICUSERDESCRIPTION.LIST>
    <BASICUSERDESCRIPTION></BASICUSERDESCRIPTION>
   </BASICUSERDESCRIPTION.LIST>
   <RATE>
    <BASERATE>25000.00</BASERATE>
    <FOREXRATE>25000</FOREXRATE>
    <UNIT>Nos</UNIT>
   </RATE>
   <ACTUALQTY>
    <UNIT>Nos</UNIT>
    <QUANTITY>10</QUANTITY>
   </ACTUALQTY>
   <BILLEDQTY>
    <UNIT>Nos</UNIT>
    <QUANTITY>10</QUANTITY>
   </BILLEDQTY>
   <AMOUNT>
    <AMOUNT>250000</AMOUNT>
    <CURRENCY>₹</CURRENCY>
    <FOREXSYMBOL>- * -</FOREXSYMBOL>
    <ISDEBIT>false</ISDEBIT>
   </AMOUNT>
   <BATCHALLOCATIONS.LIST>
    <TRACKINGNUMBER>Not Applicable</TRACKINGNUMBER>
    <ORDERNO>Not Applicable</ORDERNO>
    <GODOWNNAME>Stores II</GODOWNNAME>
    <BATCHNAME>Primary Batch</BATCHNAME>
    <AMOUNT>
     <AMOUNT>250000</AMOUNT>
     <CURRENCY>₹</CURRENCY>
     <FOREXSYMBOL>- * -</FOREXSYMBOL>
     <ISDEBIT>false</ISDEBIT>
    </AMOUNT>
    <ACTUALQTY>
     <UNIT>Nos</UNIT>
     <QUANTITY>10</QUANTITY>
    </ACTUALQTY>
    <BILLEDQTY>
     <UNIT>Nos</UNIT>
     <QUANTITY>10</QUANTITY>
    </BILLEDQTY>
   </BATCHALLOCATIONS.LIST>
   <ACCOUNTINGALLOCATIONS.LIST>
    <INDEXNUMBER>1</INDEXNUMBER>
    <LEDGERNAME>Cash Sales</LEDGERNAME>
    <VCHLEDGERTYPE>Others</VCHLEDGERTYPE>
    <ISDEEMEDPOSITIVE>false</ISDEEMEDPOSITIVE>
    <AMOUNT>
     <AMOUNT>250000</AMOUNT>
     <CURRENCY>₹</CURRENCY>
     <FOREXSYMBOL>- * -</FOREXSYMBOL>
     <ISDEBIT>false</ISDEBIT>
    </AMOUNT>
   </ACCOUNTINGALLOCATIONS.LIST>
  </ALLINVENTORYENTRIES.LIST>
 </VOUCHER>
 <VOUCHER>
  <GUID>52889497-5b6b-403d-8f83-224e3c7759b4-0000107f</GUID>
  <REMOTEALTGUID>52889497-5b6b-403d-8f83-224e3c7759b4</REMOTEALTGUID>
  <MASTERID>4223</MASTERID>
  <ALTERID>4500</ALTERID>
  <ENTEREDBY>A</ENTEREDBY>
  <DATE>2009-05-31</DATE>
  <EFFECTIVEDATE>2009-05-31</EFFECTIVEDATE>
  <VOUCHERTYPENAME>Sales</VOUCHERTYPENAME>
  <PERSISTEDVIEW>InvoiceVoucherView</PERSISTEDVIEW>
  <VCHGSTCLASS>Not Applicable</VCHGSTCLASS>
  <ISCOSTCENTRE>false</ISCOSTCENTRE>
  <ISINVOICE>true</ISINVOICE>
  <VOUCHERNUMBER>9</VOUCHERNUMBER>
  <ISOPTIONAL>false</ISOPTIONAL>
  <PARTYNAME>ABC Ltd</PARTYNAME>
  <VOUCHERNUMBERSERIES>Default</VOUCHERNUMBERSERIES>
  <GSTREGISTRATION>Not Applicable</GSTREGISTRATION>
  <BASICBUYERNAME>ABC Ltd</BASICBUYERNAME>
  <ISCANCELLED>false</ISCANCELLED>
  <OVRDNEWAYBILLAPPLICABILITY>false</OVRDNEWAYBILLAPPLICABILITY>
  <LEDGERENTRIES.LIST>
   <INDEXNUMBER>1</INDEXNUMBER>
   <LEDGERNAME>ABC India Pvt. Ltd.</LEDGERNAME>
   <VCHLEDGERTYPE>Others</VCHLEDGERTYPE>
   <ISDEEMEDPOSITIVE>true</ISDEEMEDPOSITIVE>
   <ISPARTYLEDGER>true</ISPARTYLEDGER>
   <AMOUNT>
    <AMOUNT>250000</AMOUNT>
    <CURRENCY>₹</CURRENCY>
    <FOREXSYMBOL>- * -</FOREXSYMBOL>
    <ISDEBIT>true</ISDEBIT>
   </AMOUNT>
   <BILLALLOCATIONS.LIST>
    <BILLTYPE>NewRef</BILLTYPE>
    <NAME>10</NAME>
    <AMOUNT>
     <AMOUNT>250000</AMOUNT>
     <CURRENCY>₹</CURRENCY>
     <FOREXSYMBOL>- * -</FOREXSYMBOL>
     <ISDEBIT>true</ISDEBIT>
    </AMOUNT>
   </BILLALLOCATIONS.LIST>
  </LEDGERENTRIES.LIST>
  <ALLINVENTORYENTRIES.LIST>
   <INDEXNUMBER>1</INDEXNUMBER>
   <STOCKITEMNAME>Assembled PIV</STOCKITEMNAME>
   <ISSCRAP>false</ISSCRAP>
   <DISCOUNT>0</DISCOUNT>
   <ISDEEMEDPOSITIVE>false</ISDEEMEDPOSITIVE>
   <BASICUSERDESCRIPTION.LIST>
    <BASICUSERDESCRIPTION></BASICUSERDESCRIPTION>
   </BASICUSERDESCRIPTION.LIST>
   <RATE>
    <BASERATE>25000.00</BASERATE>
    <FOREXRATE>25000</FOREXRATE>
    <UNIT>Nos</UNIT>
   </RATE>
   <ACTUALQTY>
    <UNIT>Nos</UNIT>
    <QUANTITY>10</QUANTITY>
   </ACTUALQTY>
   <BILLEDQTY>
    <UNIT>Nos</UNIT>
    <QUANTITY>10</QUANTITY>
   </BILLEDQTY>
   <AMOUNT>
    <AMOUNT>250000</AMOUNT>
    <CURRENCY>₹</CURRENCY>
    <FOREXSYMBOL>- * -</FOREXSYMBOL>
    <ISDEBIT>false</ISDEBIT>
   </AMOUNT>
   <BATCHALLOCATIONS.LIST>
    <TRACKINGNUMBER>Not Applicable</TRACKINGNUMBER>
    <ORDERNO>Not Applicable</ORDERNO>
    <GODOWNNAME>Stores II</GODOWNNAME>
    <BATCHNAME>Primary Batch</BATCHNAME>
    <AMOUNT>
     <AMOUNT>250000</AMOUNT>
     <CURRENCY>₹</CURRENCY>
     <FOREXSYMBOL>- * -</FOREXSYMBOL>
     <ISDEBIT>false</ISDEBIT>
    </AMOUNT>
    <ACTUALQTY>
     <UNIT>Nos</UNIT>
     <QUANTITY>10</QUANTITY>
    </ACTUALQTY>
    <BILLEDQTY>
     <UNIT>Nos</UNIT>
     <QUANTITY>10</QUANTITY>
    </BILLEDQTY>
   </BATCHALLOCATIONS.LIST>
   <ACCOUNTINGALLOCATIONS.LIST>
    <INDEXNUMBER>1</INDEXNUMBER>
    <LEDGERNAME>Advertisement Charges</LEDGERNAME>
    <VCHLEDGERTYPE>Others</VCHLEDGERTYPE>
    <ISDEEMEDPOSITIVE>false</ISDEEMEDPOSITIVE>
    <AMOUNT>
     <AMOUNT>250000</AMOUNT>
     <CURRENCY>₹</CURRENCY>
     <FOREXSYMBOL>- * -</FOREXSYMBOL>
     <ISDEBIT>false</ISDEBIT>
    </AMOUNT>
   </ACCOUNTINGALLOCATIONS.LIST>
  </ALLINVENTORYENTRIES.LIST>
 </VOUCHER>
 <VOUCHER>
  <GUID>52889497-5b6b-403d-8f83-224e3c7759b4-0000108d</GUID>
  <REMOTEALTGUID>52889497-5b6b-403d-8f83-224e3c7759b4</REMOTEALTGUID>
  <MASTERID>4237</MASTERID>
  <ALTERID>4499</ALTERID>
  <ENTEREDBY>A</ENTEREDBY>
  <DATE>2009-05-31</DATE>
  <EFFECTIVEDATE>2009-05-31</EFFECTIVEDATE>
  <VOUCHERTYPENAME>Sales</VOUCHERTYPENAME>
  <PERSISTEDVIEW>InvoiceVoucherView</PERSISTEDVIEW>
  <VCHGSTCLASS>Not Applicable</VCHGSTCLASS>
  <ISCOSTCENTRE>false</ISCOSTCENTRE>
  <ISINVOICE>true</ISINVOICE>
  <VOUCHERNUMBER>10</VOUCHERNUMBER>
  <ISOPTIONAL>false</ISOPTIONAL>
  <PARTYNAME>ABC Ltd</PARTYNAME>
  <VOUCHERNUMBERSERIES>Default</VOUCHERNUMBERSERIES>
  <GSTREGISTRATION>Not Applicable</GSTREGISTRATION>
  <BASICBUYERNAME>ABC Ltd</BASICBUYERNAME>
  <ISCANCELLED>false</ISCANCELLED>
  <OVRDNEWAYBILLAPPLICABILITY>false</OVRDNEWAYBILLAPPLICABILITY>
  <LEDGERENTRIES.LIST>
   <INDEXNUMBER>1</INDEXNUMBER>
   <LEDGERNAME>ABC India Pvt. Ltd.</LEDGERNAME>
   <VCHLEDGERTYPE>Others</VCHLEDGERTYPE>
   <ISDEEMEDPOSITIVE>true</ISDEEMEDPOSITIVE>
   <ISPARTYLEDGER>true</ISPARTYLEDGER>
   <AMOUNT>
    <AMOUNT>675000</AMOUNT>
    <CURRENCY>₹</CURRENCY>
    <FOREXSYMBOL>- * -</FOREXSYMBOL>
    <ISDEBIT>true</ISDEBIT>
   </AMOUNT>
   <BILLALLOCATIONS.LIST>
    <BILLTYPE>NewRef</BILLTYPE>
    <NAME>2</NAME>
    <AMOUNT>
     <AMOUNT>675000</AMOUNT>
     <CURRENCY>₹</CURRENCY>
     <FOREXSYMBOL>- * -</FOREXSYMBOL>
     <ISDEBIT>true</ISDEBIT>
    </AMOUNT>
   </BILLALLOCATIONS.LIST>
  </LEDGERENTRIES.LIST>
  <ALLINVENTORYENTRIES.LIST>
   <INDEXNUMBER>1</INDEXNUMBER>
   <STOCKITEMNAME>Assembled PIV</STOCKITEMNAME>
   <ISSCRAP>false</ISSCRAP>
   <DISCOUNT>0</DISCOUNT>
   <ISDEEMEDPOSITIVE>false</ISDEEMEDPOSITIVE>
   <BASICUSERDESCRIPTION.LIST>
    <BASICUSERDESCRIPTION></BASICUSERDESCRIPTION>
   </BASICUSERDESCRIPTION.LIST>
   <RATE>
    <BASERATE>25000.00</BASERATE>
    <FOREXRATE>25000</FOREXRATE>
    <UNIT>Nos</UNIT>
   </RATE>
   <ACTUALQTY>
    <UNIT>Nos</UNIT>
    <QUANTITY>27</QUANTITY>
   </ACTUALQTY>
   <BILLEDQTY>
    <UNIT>Nos</UNIT>
    <QUANTITY>27</QUANTITY>
   </BILLEDQTY>
   <AMOUNT>
    <AMOUNT>675000</AMOUNT>
    <CURRENCY>₹</CURRENCY>
    <FOREXSYMBOL>- * -</FOREXSYMBOL>
    <ISDEBIT>false</ISDEBIT>
   </AMOUNT>
   <BATCHALLOCATIONS.LIST>
    <TRACKINGNUMBER>Not Applicable</TRACKINGNUMBER>
    <ORDERNO>Not Applicable</ORDERNO>
    <GODOWNNAME>Stores II</GODOWNNAME>
    <BATCHNAME>Primary Batch</BATCHNAME>
    <AMOUNT>
     <AMOUNT>675000</AMOUNT>
     <CURRENCY>₹</CURRENCY>
     <FOREXSYMBOL>- * -</FOREXSYMBOL>
     <ISDEBIT>false</ISDEBIT>
    </AMOUNT>
    <ACTUALQTY>
     <UNIT>Nos</UNIT>
     <QUANTITY>27</QUANTITY>
    </ACTUALQTY>
    <BILLEDQTY>
     <UNIT>Nos</UNIT>
     <QUANTITY>27</QUANTITY>
    </BILLEDQTY>
   </BATCHALLOCATIONS.LIST>
   <ACCOUNTINGALLOCATIONS.LIST>
    <INDEXNUMBER>1</INDEXNUMBER>
    <LEDGERNAME>Advertisement Charges</LEDGERNAME>
    <VCHLEDGERTYPE>Others</VCHLEDGERTYPE>
    <ISDEEMEDPOSITIVE>false</ISDEEMEDPOSITIVE>
    <AMOUNT>
     <AMOUNT>675000</AMOUNT>
     <CURRENCY>₹</CURRENCY>
     <FOREXSYMBOL>- * -</FOREXSYMBOL>
     <ISDEBIT>false</ISDEBIT>
    </AMOUNT>
   </ACCOUNTINGALLOCATIONS.LIST>
  </ALLINVENTORYENTRIES.LIST>
 </VOUCHER>
 <VOUCHER>
  <GUID>52889497-5b6b-403d-8f83-224e3c7759b4-00001096</GUID>
  <REMOTEALTGUID>52889497-5b6b-403d-8f83-224e3c7759b4</REMOTEALTGUID>
  <MASTERID>4246</MASTERID>
  <ALTERID>4510</ALTERID>
  <ENTEREDBY>A</ENTEREDBY>
  <DATE>2009-05-31</DATE>
  <EFFECTIVEDATE>2009-05-31</EFFECTIVEDATE>
  <REFERENCE>18</REFERENCE>
  <VOUCHERTYPENAME>Sales</VOUCHERTYPENAME>
  <PERSISTEDVIEW>InvoiceVoucherView</PERSISTEDVIEW>
  <VCHGSTCLASS>Not Applicable</VCHGSTCLASS>
  <ISCOSTCENTRE>false</ISCOSTCENTRE>
  <ISINVOICE>true</ISINVOICE>
  <VOUCHERNUMBER>11</VOUCHERNUMBER>
  <ISOPTIONAL>false</ISOPTIONAL>
  <PARTYNAME>ABC Ltd</PARTYNAME>
  <VOUCHERNUMBERSERIES>Default</VOUCHERNUMBERSERIES>
  <GSTREGISTRATION>Not Applicable</GSTREGISTRATION>
  <BASICBUYERNAME>DEF Ltd</BASICBUYERNAME>
  <ISCANCELLED>false</ISCANCELLED>
  <OVRDNEWAYBILLAPPLICABILITY>false</OVRDNEWAYBILLAPPLICABILITY>
  <LEDGERENTRIES.LIST>
   <INDEXNUMBER>1</INDEXNUMBER>
   <LEDGERNAME>ABC India Pvt. Ltd.</LEDGERNAME>
   <VCHLEDGERTYPE>Others</VCHLEDGERTYPE>
   <ISDEEMEDPOSITIVE>true</ISDEEMEDPOSITIVE>
   <ISPARTYLEDGER>true</ISPARTYLEDGER>
   <AMOUNT>
    <AMOUNT>2500000</AMOUNT>
    <CURRENCY>₹</CURRENCY>
    <FOREXSYMBOL>- * -</FOREXSYMBOL>
    <ISDEBIT>true</ISDEBIT>
   </AMOUNT>
   <BILLALLOCATIONS.LIST>
    <BILLTYPE>NewRef</BILLTYPE>
    <NAME>16</NAME>
    <AMOUNT>
     <AMOUNT>2500000</AMOUNT>
     <CURRENCY>₹</CURRENCY>
     <FOREXSYMBOL>- * -</FOREXSYMBOL>
     <ISDEBIT>true</ISDEBIT>
    </AMOUNT>
   </BILLALLOCATIONS.LIST>
  </LEDGERENTRIES.LIST>
  <ALLINVENTORYENTRIES.LIST>
   <INDEXNUMBER>1</INDEXNUMBER>
   <STOCKITEMNAME>Assembled PIV</STOCKITEMNAME>
   <ISSCRAP>false</ISSCRAP>
   <DISCOUNT>0</DISCOUNT>
   <ISDEEMEDPOSITIVE>false</ISDEEMEDPOSITIVE>
   <BASICUSERDESCRIPTION.LIST>
    <BASICUSERDESCRIPTION></BASICUSERDESCRIPTION>
   </BASICUSERDESCRIPTION.LIST>
   <RATE>
    <BASERATE>25000.00</BASERATE>
    <FOREXRATE>25000</FOREXRATE>
    <UNIT>Nos</UNIT>
   </RATE>
   <ACTUALQTY>
    <UNIT>Nos</UNIT>
    <QUANTITY>100</QUANTITY>
   </ACTUALQTY>
   <BILLEDQTY>
    <UNIT>Nos</UNIT>
    <QUANTITY>100</QUANTITY>
   </BILLEDQTY>
   <AMOUNT>
    <AMOUNT>2500000</AMOUNT>
    <CURRENCY>₹</CURRENCY>
    <FOREXSYMBOL>- * -</FOREXSYMBOL>
    <ISDEBIT>false</ISDEBIT>
   </AMOUNT>
   <BATCHALLOCATIONS.LIST>
    <TRACKINGNUMBER>Not Applicable</TRACKINGNUMBER>
    <ORDERNO>18</ORDERNO>
    <GODOWNNAME>Assembly Floor</GODOWNNAME>
    <BATCHNAME>Primary Batch</BATCHNAME>
    <ORDERDUEDATE>
     <DUEONDATE>2009-05-31</DUEONDATE>
     <INDAYS>60</INDAYS>
     <INTEXT>31-May-2009</INTEXT>
    </ORDERDUEDATE>
    <AMOUNT>
     <AMOUNT>2500000</AMOUNT>
     <CURRENCY>₹</CURRENCY>
     <FOREXSYMBOL>- * -</FOREXSYMBOL>
     <ISDEBIT>false</ISDEBIT>
    </AMOUNT>
    <ACTUALQTY>
     <UNIT>Nos</UNIT>
     <QUANTITY>100</QUANTITY>
    </ACTUALQTY>
    <BILLEDQTY>
     <UNIT>Nos</UNIT>
     <QUANTITY>100</QUANTITY>
    </BILLEDQTY>
   </BATCHALLOCATIONS.LIST>
   <ACCOUNTINGALLOCATIONS.LIST>
    <INDEXNUMBER>1</INDEXNUMBER>
    <LEDGERNAME>Sales</LEDGERNAME>
    <VCHLEDGERTYPE>Others</VCHLEDGERTYPE>
    <ISDEEMEDPOSITIVE>false</ISDEEMEDPOSITIVE>
    <AMOUNT>
     <AMOUNT>2500000</AMOUNT>
     <CURRENCY>₹</CURRENCY>
     <FOREXSYMBOL>- * -</FOREXSYMBOL>
     <ISDEBIT>false</ISDEBIT>
    </AMOUNT>
   </ACCOUNTINGALLOCATIONS.LIST>
  </ALLINVENTORYENTRIES.LIST>
 </VOUCHER>
 <VOUCHER>
  <GUID>52889497-5b6b-403d-8f83-224e3c7759b4-00001099</GUID>
  <REMOTEALTGUID>52889497-5b6b-403d-8f83-224e3c7759b4</REMOTEALTGUID>
  <MASTERID>4249</MASTERID>
  <ALTERID>4514</ALTERID>
  <ENTEREDBY>A</ENTEREDBY>
  <DATE>2009-05-31</DATE>
  <EFFECTIVEDATE>2009-05-31</EFFECTIVEDATE>
  <VOUCHERTYPENAME>Sales</VOUCHERTYPENAME>
  <PERSISTEDVIEW>InvoiceVoucherView</PERSISTEDVIEW>
  <VCHGSTCLASS>Not Applicable</VCHGSTCLASS>
  <ISCOSTCENTRE>false</ISCOSTCENTRE>
  <ISINVOICE>true</ISINVOICE>
  <VOUCHERNUMBER>12</VOUCHERNUMBER>
  <ISOPTIONAL>false</ISOPTIONAL>
  <PARTYNAME>ABC Ltd</PARTYNAME>
  <VOUCHERNUMBERSERIES>Default</VOUCHERNUMBERSERIES>
  <GSTREGISTRATION>Not Applicable</GSTREGISTRATION>
  <BASICBUYERNAME>ABC Ltd</BASICBUYERNAME>
  <ISCANCELLED>false</ISCANCELLED>
  <OVRDNEWAYBILLAPPLICABILITY>false</OVRDNEWAYBILLAPPLICABILITY>
  <LEDGERENTRIES.LIST>
   <INDEXNUMBER>1</INDEXNUMBER>
   <LEDGERNAME>ABC India Pvt. Ltd.</LEDGERNAME>
   <VCHLEDGERTYPE>Others</VCHLEDGERTYPE>
   <ISDEEMEDPOSITIVE>true</ISDEEMEDPOSITIVE>
   <ISPARTYLEDGER>true</ISPARTYLEDGER>
   <AMOUNT>
    <AMOUNT>1250000</AMOUNT>
    <CURRENCY>₹</CURRENCY>
    <FOREXSYMBOL>- * -</FOREXSYMBOL>
    <ISDEBIT>true</ISDEBIT>
   </AMOUNT>
   <BILLALLOCATIONS.LIST>
    <BILLTYPE>NewRef</BILLTYPE>
    <NAME>4</NAME>
    <AMOUNT>
     <AMOUNT>1250000</AMOUNT>
     <CURRENCY>₹</CURRENCY>
     <FOREXSYMBOL>- * -</FOREXSYMBOL>
     <ISDEBIT>true</ISDEBIT>
    </AMOUNT>
   </BILLALLOCATIONS.LIST>
  </LEDGERENTRIES.LIST>
  <ALLINVENTORYENTRIES.LIST>
   <INDEXNUMBER>1</INDEXNUMBER>
   <STOCKITEMNAME>Assembled PIV</STOCKITEMNAME>
   <ISSCRAP>false</ISSCRAP>
   <DISCOUNT>0</DISCOUNT>
   <ISDEEMEDPOSITIVE>false</ISDEEMEDPOSITIVE>
   <BASICUSERDESCRIPTION.LIST>
    <BASICUSERDESCRIPTION></BASICUSERDESCRIPTION>
   </BASICUSERDESCRIPTION.LIST>
   <RATE>
    <BASERATE>25000.00</BASERATE>
    <FOREXRATE>25000</FOREXRATE>
    <UNIT>Nos</UNIT>
   </RATE>
   <ACTUALQTY>
    <UNIT>Nos</UNIT>
    <QUANTITY>50</QUANTITY>
   </ACTUALQTY>
   <BILLEDQTY>
    <UNIT>Nos</UNIT>
    <QUANTITY>50</QUANTITY>
   </BILLEDQTY>
   <AMOUNT>
    <AMOUNT>1250000</AMOUNT>
    <CURRENCY>₹</CURRENCY>
    <FOREXSYMBOL>- * -</FOREXSYMBOL>
    <ISDEBIT>false</ISDEBIT>
   </AMOUNT>
   <BATCHALLOCATIONS.LIST>
    <TRACKINGNUMBER>Not Applicable</TRACKINGNUMBER>
    <ORDERNO>Not Applicable</ORDERNO>
    <GODOWNNAME>Stores II</GODOWNNAME>
    <BATCHNAME>Primary Batch</BATCHNAME>
    <AMOUNT>
     <AMOUNT>1250000</AMOUNT>
     <CURRENCY>₹</CURRENCY>
     <FOREXSYMBOL>- * -</FOREXSYMBOL>
     <ISDEBIT>false</ISDEBIT>
    </AMOUNT>
    <ACTUALQTY>
     <UNIT>Nos</UNIT>
     <QUANTITY>50</QUANTITY>
    </ACTUALQTY>
    <BILLEDQTY>
     <UNIT>Nos</UNIT>
     <QUANTITY>50</QUANTITY>
    </BILLEDQTY>
   </BATCHALLOCATIONS.LIST>
   <ACCOUNTINGALLOCATIONS.LIST>
    <INDEXNUMBER>1</INDEXNUMBER>
    <LEDGERNAME>Advertisement Charges</LEDGERNAME>
    <VCHLEDGERTYPE>Others</VCHLEDGERTYPE>
    <ISDEEMEDPOSITIVE>false</ISDEEMEDPOSITIVE>
    <AMOUNT>
     <AMOUNT>1250000</AMOUNT>
     <CURRENCY>₹</CURRENCY>
     <FOREXSYMBOL>- * -</FOREXSYMBOL>
     <ISDEBIT>false</ISDEBIT>
    </AMOUNT>
   </ACCOUNTINGALLOCATIONS.LIST>
  </ALLINVENTORYENTRIES.LIST>
 </VOUCHER>
 <VOUCHER>
  <GUID>52889497-5b6b-403d-8f83-224e3c7759b4-000010a1</GUID>
  <REMOTEALTGUID>52889497-5b6b-403d-8f83-224e3c7759b4</REMOTEALTGUID>
  <MASTERID>4257</MASTERID>
  <ALTERID>4536</ALTERID>
  <ENTEREDBY>A</ENTEREDBY>
  <DATE>2009-07-01</DATE>
  <EFFECTIVEDATE>2009-07-01</EFFECTIVEDATE>
  <REFERENCE>15</REFERENCE>
  <VOUCHERTYPENAME>Sales</VOUCHERTYPENAME>
  <PERSISTEDVIEW>InvoiceVoucherView</PERSISTEDVIEW>
  <VCHGSTCLASS>Not Applicable</VCHGSTCLASS>
  <ISCOSTCENTRE>false</ISCOSTCENTRE>
  <ISINVOICE>true</ISINVOICE>
  <VOUCHERNUMBER>13</VOUCHERNUMBER>
  <ISOPTIONAL>false</ISOPTIONAL>
  <NARRATION>this is sales voucher no 18</NARRATION>
  <PARTYNAME>ABC Ltd</PARTYNAME>
  <VOUCHERNUMBERSERIES>Default</VOUCHERNUMBERSERIES>
  <GSTREGISTRATION>Not Applicable</GSTREGISTRATION>
  <BASICBUYERNAME>ABC Ltd</BASICBUYERNAME>
  <ISCANCELLED>false</ISCANCELLED>
  <OVRDNEWAYBILLAPPLICABILITY>false</OVRDNEWAYBILLAPPLICABILITY>
  <LEDGERENTRIES.LIST>
   <INDEXNUMBER>1</INDEXNUMBER>
   <LEDGERNAME>ABC India Pvt. Ltd.</LEDGERNAME>
   <VCHLEDGERTYPE>Others</VCHLEDGERTYPE>
   <ISDEEMEDPOSITIVE>true</ISDEEMEDPOSITIVE>
   <ISPARTYLEDGER>true</ISPARTYLEDGER>
   <AMOUNT>
    <AMOUNT>125000</AMOUNT>
    <CURRENCY>₹</CURRENCY>
    <FOREXSYMBOL>- * -</FOREXSYMBOL>
    <ISDEBIT>true</ISDEBIT>
   </AMOUNT>
   <BILLALLOCATIONS.LIST>
    <BILLTYPE>NewRef</BILLTYPE>
    <NAME>18</NAME>
    <AMOUNT>
     <AMOUNT>125000</AMOUNT>
     <CURRENCY>₹</CURRENCY>
     <FOREXSYMBOL>- * -</FOREXSYMBOL>
     <ISDEBIT>true</ISDEBIT>
    </AMOUNT>
   </BILLALLOCATIONS.LIST>
  </LEDGERENTRIES.LIST>
  <ALLINVENTORYENTRIES.LIST>
   <INDEXNUMBER>1</INDEXNUMBER>
   <STOCKITEMNAME>Assembled PIV</STOCKITEMNAME>
   <ISSCRAP>false</ISSCRAP>
   <DISCOUNT>0</DISCOUNT>
   <ISDEEMEDPOSITIVE>false</ISDEEMEDPOSITIVE>
   <BASICUSERDESCRIPTION.LIST>
    <BASICUSERDESCRIPTION></BASICUSERDESCRIPTION>
   </BASICUSERDESCRIPTION.LIST>
   <RATE>
    <BASERATE>25000.00</BASERATE>
    <FOREXRATE>25000</FOREXRATE>
    <UNIT>Nos</UNIT>
   </RATE>
   <ACTUALQTY>
    <UNIT>Nos</UNIT>
    <QUANTITY>5</QUANTITY>
   </ACTUALQTY>
   <BILLEDQTY>
    <UNIT>Nos</UNIT>
    <QUANTITY>5</QUANTITY>
   </BILLEDQTY>
   <AMOUNT>
    <AMOUNT>125000</AMOUNT>
    <CURRENCY>₹</CURRENCY>
    <FOREXSYMBOL>- * -</FOREXSYMBOL>
    <ISDEBIT>false</ISDEBIT>
   </AMOUNT>
   <BATCHALLOCATIONS.LIST>
    <TRACKINGNUMBER>Not Applicable</TRACKINGNUMBER>
    <ORDERNO>15</ORDERNO>
    <GODOWNNAME>Assembly Floor</GODOWNNAME>
    <BATCHNAME>Primary Batch</BATCHNAME>
    <ORDERDUEDATE>
     <DUEONDATE>2009-05-31</DUEONDATE>
     <INTEXT>31-May-2009</INTEXT>
    </ORDERDUEDATE>
    <AMOUNT>
     <AMOUNT>125000</AMOUNT>
     <CURRENCY>₹</CURRENCY>
     <FOREXSYMBOL>- * -</FOREXSYMBOL>
     <ISDEBIT>false</ISDEBIT>
    </AMOUNT>
    <ACTUALQTY>
     <UNIT>Nos</UNIT>
     <QUANTITY>5</QUANTITY>
    </ACTUALQTY>
    <BILLEDQTY>
     <UNIT>Nos</UNIT>
     <QUANTITY>5</QUANTITY>
    </BILLEDQTY>
   </BATCHALLOCATIONS.LIST>
   <ACCOUNTINGALLOCATIONS.LIST>
    <INDEXNUMBER>1</INDEXNUMBER>
    <LEDGERNAME>Advertisement Charges</LEDGERNAME>
    <VCHLEDGERTYPE>Others</VCHLEDGERTYPE>
    <ISDEEMEDPOSITIVE>false</ISDEEMEDPOSITIVE>
    <AMOUNT>
     <AMOUNT>125000</AMOUNT>
     <CURRENCY>₹</CURRENCY>
     <FOREXSYMBOL>- * -</FOREXSYMBOL>
     <ISDEBIT>false</ISDEBIT>
    </AMOUNT>
   </ACCOUNTINGALLOCATIONS.LIST>
  </ALLINVENTORYENTRIES.LIST>
 </VOUCHER>
 <VOUCHER>
  <GUID>52889497-5b6b-403d-8f83-224e3c7759b4-000010a4</GUID>
  <REMOTEALTGUID>52889497-5b6b-403d-8f83-224e3c7759b4</REMOTEALTGUID>
  <MASTERID>4260</MASTERID>
  <ALTERID>4529</ALTERID>
  <ENTEREDBY>A</ENTEREDBY>
  <DATE>2009-07-01</DATE>
  <EFFECTIVEDATE>2009-07-01</EFFECTIVEDATE>
  <REFERENCE>16</REFERENCE>
  <VOUCHERTYPENAME>Sales</VOUCHERTYPENAME>
  <PERSISTEDVIEW>InvoiceVoucherView</PERSISTEDVIEW>
  <VCHGSTCLASS>Not Applicable</VCHGSTCLASS>
  <ISCOSTCENTRE>false</ISCOSTCENTRE>
  <ISINVOICE>true</ISINVOICE>
  <VOUCHERNUMBER>14</VOUCHERNUMBER>
  <ISOPTIONAL>false</ISOPTIONAL>
  <PARTYNAME>ABC Ltd</PARTYNAME>
  <VOUCHERNUMBERSERIES>Default</VOUCHERNUMBERSERIES>
  <GSTREGISTRATION>Not Applicable</GSTREGISTRATION>
  <BASICBUYERNAME>ABC Ltd</BASICBUYERNAME>
  <ISCANCELLED>false</ISCANCELLED>
  <OVRDNEWAYBILLAPPLICABILITY>false</OVRDNEWAYBILLAPPLICABILITY>
  <LEDGERENTRIES.LIST>
   <INDEXNUMBER>1</INDEXNUMBER>
   <LEDGERNAME>ABC India Pvt. Ltd.</LEDGERNAME>
   <VCHLEDGERTYPE>Others</VCHLEDGERTYPE>
   <ISDEEMEDPOSITIVE>true</ISDEEMEDPOSITIVE>
   <ISPARTYLEDGER>true</ISPARTYLEDGER>
   <AMOUNT>
    <AMOUNT>125000</AMOUNT>
    <CURRENCY>₹</CURRENCY>
    <FOREXSYMBOL>- * -</FOREXSYMBOL>
    <ISDEBIT>true</ISDEBIT>
   </AMOUNT>
   <BILLALLOCATIONS.LIST>
    <BILLTYPE>NewRef</BILLTYPE>
    <NAME>20</NAME>
    <AMOUNT>
     <AMOUNT>125000</AMOUNT>
     <CURRENCY>₹</CURRENCY>
     <FOREXSYMBOL>- * -</FOREXSYMBOL>
     <ISDEBIT>true</ISDEBIT>
    </AMOUNT>
   </BILLALLOCATIONS.LIST>
  </LEDGERENTRIES.LIST>
  <ALLINVENTORYENTRIES.LIST>
   <INDEXNUMBER>1</INDEXNUMBER>
   <STOCKITEMNAME>Assembled PIV</STOCKITEMNAME>
   <ISSCRAP>false</ISSCRAP>
   <DISCOUNT>0</DISCOUNT>
   <ISDEEMEDPOSITIVE>false</ISDEEMEDPOSITIVE>
   <BASICUSERDESCRIPTION.LIST>
    <BASICUSERDESCRIPTION></BASICUSERDESCRIPTION>
   </BASICUSERDESCRIPTION.LIST>
   <RATE>
    <BASERATE>25000.00</BASERATE>
    <FOREXRATE>25000</FOREXRATE>
    <UNIT>Nos</UNIT>
   </RATE>
   <ACTUALQTY>
    <UNIT>Nos</UNIT>
    <QUANTITY>5</QUANTITY>
   </ACTUALQTY>
   <BILLEDQTY>
    <UNIT>Nos</UNIT>
    <QUANTITY>5</QUANTITY>
   </BILLEDQTY>
   <AMOUNT>
    <AMOUNT>125000</AMOUNT>
    <CURRENCY>₹</CURRENCY>
    <FOREXSYMBOL>- * -</FOREXSYMBOL>
    <ISDEBIT>false</ISDEBIT>
   </AMOUNT>
   <BATCHALLOCATIONS.LIST>
    <TRACKINGNUMBER>Not Applicable</TRACKINGNUMBER>
    <ORDERNO>16</ORDERNO>
    <GODOWNNAME>Assembly Floor</GODOWNNAME>
    <BATCHNAME>Primary Batch</BATCHNAME>
    <ORDERDUEDATE>
     <DUEONDATE>2009-05-31</DUEONDATE>
     <INTEXT>31-May-2009</INTEXT>
    </ORDERDUEDATE>
    <AMOUNT>
     <AMOUNT>125000</AMOUNT>
     <CURRENCY>₹</CURRENCY>
     <FOREXSYMBOL>- * -</FOREXSYMBOL>
     <ISDEBIT>false</ISDEBIT>
    </AMOUNT>
    <ACTUALQTY>
     <UNIT>Nos</UNIT>
     <QUANTITY>5</QUANTITY>
    </ACTUALQTY>
    <BILLEDQTY>
     <UNIT>Nos</UNIT>
     <QUANTITY>5</QUANTITY>
    </BILLEDQTY>
   </BATCHALLOCATIONS.LIST>
   <ACCOUNTINGALLOCATIONS.LIST>
    <INDEXNUMBER>1</INDEXNUMBER>
    <LEDGERNAME>Advertisement Charges</LEDGERNAME>
    <VCHLEDGERTYPE>Others</VCHLEDGERTYPE>
    <ISDEEMEDPOSITIVE>false</ISDEEMEDPOSITIVE>
    <AMOUNT>
     <AMOUNT>125000</AMOUNT>
     <CURRENCY>₹</CURRENCY>
     <FOREXSYMBOL>- * -</FOREXSYMBOL>
     <ISDEBIT>false</ISDEBIT>
    </AMOUNT>
   </ACCOUNTINGALLOCATIONS.LIST>
  </ALLINVENTORYENTRIES.LIST>
 </VOUCHER>
 <VOUCHER>
  <GUID>52889497-5b6b-403d-8f83-224e3c7759b4-000010a5</GUID>
  <REMOTEALTGUID>52889497-5b6b-403d-8f83-224e3c7759b4</REMOTEALTGUID>
  <MASTERID>4261</MASTERID>
  <ALTERID>4530</ALTERID>
  <ENTEREDBY>A</ENTEREDBY>
  <DATE>2009-07-01</DATE>
  <EFFECTIVEDATE>2009-07-01</EFFECTIVEDATE>
  <REFERENCE>17</REFERENCE>
  <VOUCHERTYPENAME>Sales</VOUCHERTYPENAME>
  <PERSISTEDVIEW>InvoiceVoucherView</PERSISTEDVIEW>
  <VCHGSTCLASS>Not Applicable</VCHGSTCLASS>
  <ISCOSTCENTRE>false</ISCOSTCENTRE>
  <ISINVOICE>true</ISINVOICE>
  <VOUCHERNUMBER>15</VOUCHERNUMBER>
  <ISOPTIONAL>false</ISOPTIONAL>
  <PARTYNAME>ABC Ltd</PARTYNAME>
  <VOUCHERNUMBERSERIES>Default</VOUCHERNUMBERSERIES>
  <GSTREGISTRATION>Not Applicable</GSTREGISTRATION>
  <BASICBUYERNAME>ABC Ltd</BASICBUYERNAME>
  <ISCANCELLED>false</ISCANCELLED>
  <OVRDNEWAYBILLAPPLICABILITY>false</OVRDNEWAYBILLAPPLICABILITY>
  <LEDGERENTRIES.LIST>
   <INDEXNUMBER>1</INDEXNUMBER>
   <LEDGERNAME>ABC India Pvt. Ltd.</LEDGERNAME>
   <VCHLEDGERTYPE>Others</VCHLEDGERTYPE>
   <ISDEEMEDPOSITIVE>true</ISDEEMEDPOSITIVE>
   <ISPARTYLEDGER>true</ISPARTYLEDGER>
   <AMOUNT>
    <AMOUNT>500000</AMOUNT>
    <CURRENCY>₹</CURRENCY>
    <FOREXSYMBOL>- * -</FOREXSYMBOL>
    <ISDEBIT>true</ISDEBIT>
   </AMOUNT>
   <BILLALLOCATIONS.LIST>
    <BILLTYPE>NewRef</BILLTYPE>
    <NAME>BILL</NAME>
    <AMOUNT>
     <AMOUNT>500000</AMOUNT>
     <CURRENCY>₹</CURRENCY>
     <FOREXSYMBOL>- * -</FOREXSYMBOL>
     <ISDEBIT>true</ISDEBIT>
    </AMOUNT>
   </BILLALLOCATIONS.LIST>
  </LEDGERENTRIES.LIST>
  <ALLINVENTORYENTRIES.LIST>
   <INDEXNUMBER>1</INDEXNUMBER>
   <STOCKITEMNAME>Assembled PIV</STOCKITEMNAME>
   <ISSCRAP>false</ISSCRAP>
   <DISCOUNT>0</DISCOUNT>
   <ISDEEMEDPOSITIVE>false</ISDEEMEDPOSITIVE>
   <BASICUSERDESCRIPTION.LIST>
    <BASICUSERDESCRIPTION></BASICUSERDESCRIPTION>
   </BASICUSERDESCRIPTION.LIST>
   <RATE>
    <BASERATE>25000.00</BASERATE>
    <FOREXRATE>25000</FOREXRATE>
    <UNIT>Nos</UNIT>
   </RATE>
   <ACTUALQTY>
    <UNIT>Nos</UNIT>
    <QUANTITY>20</QUANTITY>
   </ACTUALQTY>
   <BILLEDQTY>
    <UNIT>Nos</UNIT>
    <QUANTITY>20</QUANTITY>
   </BILLEDQTY>
   <AMOUNT>
    <AMOUNT>500000</AMOUNT>
    <CURRENCY>₹</CURRENCY>
    <FOREXSYMBOL>- * -</FOREXSYMBOL>
    <ISDEBIT>false</ISDEBIT>
   </AMOUNT>
   <BATCHALLOCATIONS.LIST>
    <TRACKINGNUMBER>Not Applicable</TRACKINGNUMBER>
    <ORDERNO>17</ORDERNO>
    <GODOWNNAME>Assembly Floor</GODOWNNAME>
    <BATCHNAME>Primary Batch</BATCHNAME>
    <ORDERDUEDATE>
     <DUEONDATE>2009-05-31</DUEONDATE>
     <INTEXT>31-May-2009</INTEXT>
    </ORDERDUEDATE>
    <AMOUNT>
     <AMOUNT>500000</AMOUNT>
     <CURRENCY>₹</CURRENCY>
     <FOREXSYMBOL>- * -</FOREXSYMBOL>
     <ISDEBIT>false</ISDEBIT>
    </AMOUNT>
    <ACTUALQTY>
     <UNIT>Nos</UNIT>
     <QUANTITY>20</QUANTITY>
    </ACTUALQTY>
    <BILLEDQTY>
     <UNIT>Nos</UNIT>
     <QUANTITY>20</QUANTITY>
    </BILLEDQTY>
   </BATCHALLOCATIONS.LIST>
   <ACCOUNTINGALLOCATIONS.LIST>
    <INDEXNUMBER>1</INDEXNUMBER>
    <LEDGERNAME>Cash Sales</LEDGERNAME>
    <VCHLEDGERTYPE>Others</VCHLEDGERTYPE>
    <ISDEEMEDPOSITIVE>false</ISDEEMEDPOSITIVE>
    <AMOUNT>
     <AMOUNT>500000</AMOUNT>
     <CURRENCY>₹</CURRENCY>
     <FOREXSYMBOL>- * -</FOREXSYMBOL>
     <ISDEBIT>false</ISDEBIT>
    </AMOUNT>
   </ACCOUNTINGALLOCATIONS.LIST>
  </ALLINVENTORYENTRIES.LIST>
 </VOUCHER>
 <VOUCHER>
  <GUID>52889497-5b6b-403d-8f83-224e3c7759b4-000010a7</GUID>
  <REMOTEALTGUID>52889497-5b6b-403d-8f83-224e3c7759b4</REMOTEALTGUID>
  <MASTERID>4263</MASTERID>
  <ALTERID>4538</ALTERID>
  <ENTEREDBY>A</ENTEREDBY>
  <DATE>2009-07-01</DATE>
  <EFFECTIVEDATE>2009-07-01</EFFECTIVEDATE>
  <VOUCHERTYPENAME>Sales</VOUCHERTYPENAME>
  <PERSISTEDVIEW>AccountingVoucherView</PERSISTEDVIEW>
  <VCHGSTCLASS>Not Applicable</VCHGSTCLASS>
  <ISCOSTCENTRE>false</ISCOSTCENTRE>
  <ISINVOICE>false</ISINVOICE>
  <VOUCHERNUMBER>16</VOUCHERNUMBER>
  <ISOPTIONAL>false</ISOPTIONAL>
  <PARTYNAME>ABC Ltd</PARTYNAME>
  <VOUCHERNUMBERSERIES>Default</VOUCHERNUMBERSERIES>
  <GSTREGISTRATION>Not Applicable</GSTREGISTRATION>
  <BASICBUYERNAME>ABC Ltd</BASICBUYERNAME>
  <ISCANCELLED>false</ISCANCELLED>
  <OVRDNEWAYBILLAPPLICABILITY>false</OVRDNEWAYBILLAPPLICABILITY>
  <ALLLEDGERENTRIES.LIST>
   <INDEXNUMBER>1</INDEXNUMBER>
   <LEDGERNAME>ABC India Pvt. Ltd.</LEDGERNAME>
   <VCHLEDGERTYPE>Others</VCHLEDGERTYPE>
   <ISDEEMEDPOSITIVE>true</ISDEEMEDPOSITIVE>
   <ISPARTYLEDGER>true</ISPARTYLEDGER>
   <AMOUNT>
    <AMOUNT>250000</AMOUNT>
    <CURRENCY>₹</CURRENCY>
    <FOREXSYMBOL>- * -</FOREXSYMBOL>
    <ISDEBIT>true</ISDEBIT>
   </AMOUNT>
   <BILLALLOCATIONS.LIST>
    <BILLTYPE>AgstRef</BILLTYPE>
    <NAME>1</NAME>
    <AMOUNT>
     <AMOUNT>250000</AMOUNT>
     <CURRENCY>₹</CURRENCY>
     <FOREXSYMBOL>- * -</FOREXSYMBOL>
     <ISDEBIT>true</ISDEBIT>
    </AMOUNT>
   </BILLALLOCATIONS.LIST>
  </ALLLEDGERENTRIES.LIST>
  <ALLLEDGERENTRIES.LIST>
   <INDEXNUMBER>2</INDEXNUMBER>
   <LEDGERNAME>Advertisement Charges</LEDGERNAME>
   <VCHLEDGERTYPE>Others</VCHLEDGERTYPE>
   <ISDEEMEDPOSITIVE>false</ISDEEMEDPOSITIVE>
   <ISPARTYLEDGER>false</ISPARTYLEDGER>
   <AMOUNT>
    <AMOUNT>250000</AMOUNT>
    <CURRENCY>₹</CURRENCY>
    <FOREXSYMBOL>- * -</FOREXSYMBOL>
    <ISDEBIT>false</ISDEBIT>
   </AMOUNT>
   <INVENTORYALLOCATIONS.LIST>
    <INDEXNUMBER>2</INDEXNUMBER>
    <STOCKITEMNAME>Assembled PIV</STOCKITEMNAME>
    <ISSCRAP>false</ISSCRAP>
    <DISCOUNT>0</DISCOUNT>
    <ISDEEMEDPOSITIVE>false</ISDEEMEDPOSITIVE>
    <BASICUSERDESCRIPTION.LIST>
     <BASICUSERDESCRIPTION></BASICUSERDESCRIPTION>
    </BASICUSERDESCRIPTION.LIST>
    <RATE>
     <BASERATE>25000.00</BASERATE>
     <FOREXRATE>25000</FOREXRATE>
     <UNIT>Nos</UNIT>
    </RATE>
    <BILLEDQTY>
     <UNIT>Nos</UNIT>
     <QUANTITY>10</QUANTITY>
    </BILLEDQTY>
    <AMOUNT>
     <AMOUNT>250000</AMOUNT>
     <CURRENCY>₹</CURRENCY>
     <FOREXSYMBOL>- * -</FOREXSYMBOL>
     <ISDEBIT>false</ISDEBIT>
    </AMOUNT>
    <BATCHALLOCATIONS.LIST>
     <TRACKINGNUMBER>Not Applicable</TRACKINGNUMBER>
     <ORDERNO>Not Applicable</ORDERNO>
     <GODOWNNAME>Assembly Floor</GODOWNNAME>
     <BATCHNAME>Primary Batch</BATCHNAME>
     <AMOUNT>
      <AMOUNT>250000</AMOUNT>
      <CURRENCY>₹</CURRENCY>
      <FOREXSYMBOL>- * -</FOREXSYMBOL>
      <ISDEBIT>false</ISDEBIT>
     </AMOUNT>
     <BILLEDQTY>
      <UNIT>Nos</UNIT>
      <QUANTITY>10</QUANTITY>
     </BILLEDQTY>
    </BATCHALLOCATIONS.LIST>
   </INVENTORYALLOCATIONS.LIST>
  </ALLLEDGERENTRIES.LIST>
 </VOUCHER>
 <VOUCHER>
  <GUID>52889497-5b6b-403d-8f83-224e3c7759b4-000002f1</GUID>
  <REMOTEALTGUID>52889497-5b6b-403d-8f83-224e3c7759b4</REMOTEALTGUID>
  <MASTERID>753</MASTERID>
  <ALTERID>6838</ALTERID>
  <ENTEREDBY>A</ENTEREDBY>
  <DATE>2010-01-02</DATE>
  <EFFECTIVEDATE>2010-01-02</EFFECTIVEDATE>
  <VOUCHERTYPENAME>Sales</VOUCHERTYPENAME>
  <PERSISTEDVIEW>InvoiceVoucherView</PERSISTEDVIEW>
  <VCHGSTCLASS>Not Applicable</VCHGSTCLASS>
  <ISCOSTCENTRE>false</ISCOSTCENTRE>
  <ISINVOICE>true</ISINVOICE>
  <VOUCHERNUMBER>17</VOUCHERNUMBER>
  <ISOPTIONAL>false</ISOPTIONAL>
  <NARRATION>Being USB Pen Drives sold.</NARRATION>
  <BASICDUEDATEOFPYMT>7 Days</BASICDUEDATEOFPYMT>
  <PARTYNAME>Global Traders</PARTYNAME>
  <VOUCHERNUMBERSERIES>Default</VOUCHERNUMBERSERIES>
  <GSTREGISTRATION>Not Applicable</GSTREGISTRATION>
  <BASICBUYERNAME>Global Traders</BASICBUYERNAME>
  <ISCANCELLED>false</ISCANCELLED>
  <OVRDNEWAYBILLAPPLICABILITY>false</OVRDNEWAYBILLAPPLICABILITY>
  <LEDGERENTRIES.LIST>
   <INDEXNUMBER>1</INDEXNUMBER>
   <LEDGERNAME>Global Traders</LEDGERNAME>
   <VCHLEDGERTYPE>Others</VCHLEDGERTYPE>
   <ISDEEMEDPOSITIVE>true</ISDEEMEDPOSITIVE>
   <ISPARTYLEDGER>true</ISPARTYLEDGER>
   <AMOUNT>
    <AMOUNT>13440</AMOUNT>
    <CURRENCY>₹</CURRENCY>
    <FOREXSYMBOL>- * -</FOREXSYMBOL>
    <ISDEBIT>true</ISDEBIT>
   </AMOUNT>
   <BILLALLOCATIONS.LIST>
    <BILLTYPE>NewRef</BILLTYPE>
    <NAME>17</NAME>
    <BILLCREDITPERIOD>
     <DUEONDATE>2010-01-09</DUEONDATE>
     <INDAYS>7</INDAYS>
     <INTEXT>7 Days</INTEXT>
    </BILLCREDITPERIOD>
    <AMOUNT>
     <AMOUNT>13440</AMOUNT>
     <CURRENCY>₹</CURRENCY>
     <FOREXSYMBOL>- * -</FOREXSYMBOL>
     <ISDEBIT>true</ISDEBIT>
    </AMOUNT>
   </BILLALLOCATIONS.LIST>
  </LEDGERENTRIES.LIST>
  <LEDGERENTRIES.LIST>
   <INDEXNUMBER>2</INDEXNUMBER>
   <LEDGERNAME>Sales @ 4%</LEDGERNAME>
   <VCHLEDGERTYPE>Others</VCHLEDGERTYPE>
   <ISDEEMEDPOSITIVE>false</ISDEEMEDPOSITIVE>
   <ISPARTYLEDGER>false</ISPARTYLEDGER>
   <AMOUNT>
    <AMOUNT>1440</AMOUNT>
    <CURRENCY>₹</CURRENCY>
    <FOREXSYMBOL>- * -</FOREXSYMBOL>
    <ISDEBIT>false</ISDEBIT>
   </AMOUNT>
  </LEDGERENTRIES.LIST>
  <ALLINVENTORYENTRIES.LIST>
   <INDEXNUMBER>1</INDEXNUMBER>
   <STOCKITEMNAME>USB Pen Drives 64 MB</STOCKITEMNAME>
   <ISSCRAP>false</ISSCRAP>
   <DISCOUNT>0</DISCOUNT>
   <ISDEEMEDPOSITIVE>false</ISDEEMEDPOSITIVE>
   <BASICUSERDESCRIPTION.LIST>
    <BASICUSERDESCRIPTION>ABC</BASICUSERDESCRIPTION>
   </BASICUSERDESCRIPTION.LIST>
   <RATE>
    <BASERATE>1500.00</BASERATE>
    <FOREXRATE>1500</FOREXRATE>
    <UNIT>Nos</UNIT>
   </RATE>
   <ACTUALQTY>
    <UNIT>Nos</UNIT>
    <QUANTITY>8</QUANTITY>
   </ACTUALQTY>
   <BILLEDQTY>
    <UNIT>Nos</UNIT>
    <QUANTITY>8</QUANTITY>
   </BILLEDQTY>
   <AMOUNT>
    <AMOUNT>12000</AMOUNT>
    <CURRENCY>₹</CURRENCY>
    <FOREXSYMBOL>- * -</FOREXSYMBOL>
    <ISDEBIT>false</ISDEBIT>
   </AMOUNT>
   <BATCHALLOCATIONS.LIST>
    <TRACKINGNUMBER>Not Applicable</TRACKINGNUMBER>
    <ORDERNO>Not Applicable</ORDERNO>
    <GODOWNNAME>Stores</GODOWNNAME>
    <BATCHNAME>Primary Batch</BATCHNAME>
    <AMOUNT>
     <AMOUNT>12000</AMOUNT>
     <CURRENCY>₹</CURRENCY>
     <FOREXSYMBOL>- * -</FOREXSYMBOL>
     <ISDEBIT>false</ISDEBIT>
    </AMOUNT>
    <ACTUALQTY>
     <UNIT>Nos</UNIT>
     <QUANTITY>8</QUANTITY>
    </ACTUALQTY>
    <BILLEDQTY>
     <UNIT>Nos</UNIT>
     <QUANTITY>8</QUANTITY>
    </BILLEDQTY>
   </BATCHALLOCATIONS.LIST>
   <ACCOUNTINGALLOCATIONS.LIST>
    <INDEXNUMBER>1</INDEXNUMBER>
    <LEDGERNAME>Advertisement Charges</LEDGERNAME>
    <VCHLEDGERTYPE>Others</VCHLEDGERTYPE>
    <ISDEEMEDPOSITIVE>false</ISDEEMEDPOSITIVE>
    <AMOUNT>
     <AMOUNT>12000</AMOUNT>
     <CURRENCY>₹</CURRENCY>
     <FOREXSYMBOL>- * -</FOREXSYMBOL>
     <ISDEBIT>false</ISDEBIT>
    </AMOUNT>
   </ACCOUNTINGALLOCATIONS.LIST>
  </ALLINVENTORYENTRIES.LIST>
 </VOUCHER>
 <VOUCHER>
  <GUID>52889497-5b6b-403d-8f83-224e3c7759b4-00000301</GUID>
  <REMOTEALTGUID>52889497-5b6b-403d-8f83-224e3c7759b4</REMOTEALTGUID>
  <MASTERID>769</MASTERID>
  <ALTERID>6855</ALTERID>
  <ENTEREDBY>A</ENTEREDBY>
  <DATE>2010-01-10</DATE>
  <EFFECTIVEDATE>2010-01-10</EFFECTIVEDATE>
  <VOUCHERTYPENAME>Sales</VOUCHERTYPENAME>
  <PERSISTEDVIEW>InvoiceVoucherView</PERSISTEDVIEW>
  <VCHGSTCLASS>Not Applicable</VCHGSTCLASS>
  <ISCOSTCENTRE>false</ISCOSTCENTRE>
  <ISINVOICE>true</ISINVOICE>
  <VOUCHERNUMBER>18</VOUCHERNUMBER>
  <ISOPTIONAL>false</ISOPTIONAL>
  <NARRATION>Being Assembled PIV Computers sold.</NARRATION>
  <BASICDUEDATEOFPYMT>90 Days</BASICDUEDATEOFPYMT>
  <PARTYNAME>D R D O, Bangalore</PARTYNAME>
  <VOUCHERNUMBERSERIES>Default</VOUCHERNUMBERSERIES>
  <GSTREGISTRATION>Not Applicable</GSTREGISTRATION>
  <BASICBUYERNAME>Computer World</BASICBUYERNAME>
  <ISCANCELLED>false</ISCANCELLED>
  <OVRDNEWAYBILLAPPLICABILITY>false</OVRDNEWAYBILLAPPLICABILITY>
  <LEDGERENTRIES.LIST>
   <INDEXNUMBER>1</INDEXNUMBER>
   <LEDGERNAME>Computer World</LEDGERNAME>
   <VCHLEDGERTYPE>Others</VCHLEDGERTYPE>
   <ISDEEMEDPOSITIVE>true</ISDEEMEDPOSITIVE>
   <ISPARTYLEDGER>true</ISPARTYLEDGER>
   <AMOUNT>
    <AMOUNT>460100</AMOUNT>
    <CURRENCY>₹</CURRENCY>
    <FOREXSYMBOL>- * -</FOREXSYMBOL>
    <ISDEBIT>true</ISDEBIT>
   </AMOUNT>
   <BILLALLOCATIONS.LIST>
    <BILLTYPE>NewRef</BILLTYPE>
    <NAME>66</NAME>
    <BILLCREDITPERIOD>
     <DUEONDATE>2010-04-10</DUEONDATE>
     <INDAYS>90</INDAYS>
     <INTEXT>90 Days</INTEXT>
    </BILLCREDITPERIOD>
    <AMOUNT>
     <AMOUNT>460100</AMOUNT>
     <CURRENCY>₹</CURRENCY>
     <FOREXSYMBOL>- * -</FOREXSYMBOL>
     <ISDEBIT>true</ISDEBIT>
    </AMOUNT>
   </BILLALLOCATIONS.LIST>
  </LEDGERENTRIES.LIST>
  <LEDGERENTRIES.LIST>
   <INDEXNUMBER>2</INDEXNUMBER>
   <LEDGERNAME>Transportation &amp; Packaging</LEDGERNAME>
   <VCHLEDGERTYPE>Others</VCHLEDGERTYPE>
   <ISDEEMEDPOSITIVE>false</ISDEEMEDPOSITIVE>
   <ISPARTYLEDGER>false</ISPARTYLEDGER>
   <AMOUNT>
    <AMOUNT>2500</AMOUNT>
    <CURRENCY>₹</CURRENCY>
    <FOREXSYMBOL>- * -</FOREXSYMBOL>
    <ISDEBIT>false</ISDEBIT>
   </AMOUNT>
  </LEDGERENTRIES.LIST>
  <LEDGERENTRIES.LIST>
   <INDEXNUMBER>3</INDEXNUMBER>
   <LEDGERNAME>CST Tax @ 4%</LEDGERNAME>
   <LEDGERTAXTYPE>Sales Tax</LEDGERTAXTYPE>
   <VCHLEDGERTYPE>Others</VCHLEDGERTYPE>
   <ISDEEMEDPOSITIVE>false</ISDEEMEDPOSITIVE>
   <ISPARTYLEDGER>false</ISPARTYLEDGER>
   <AMOUNT>
    <AMOUNT>17600</AMOUNT>
    <CURRENCY>₹</CURRENCY>
    <FOREXSYMBOL>- * -</FOREXSYMBOL>
    <ISDEBIT>false</ISDEBIT>
   </AMOUNT>
  </LEDGERENTRIES.LIST>
  <ALLINVENTORYENTRIES.LIST>
   <INDEXNUMBER>1</INDEXNUMBER>
   <STOCKITEMNAME>Assembled PIV</STOCKITEMNAME>
   <ISSCRAP>false</ISSCRAP>
   <DISCOUNT>0</DISCOUNT>
   <ISDEEMEDPOSITIVE>false</ISDEEMEDPOSITIVE>
   <BASICUSERDESCRIPTION.LIST>
    <BASICUSERDESCRIPTION></BASICUSERDESCRIPTION>
   </BASICUSERDESCRIPTION.LIST>
   <RATE>
    <BASERATE>22000.00</BASERATE>
    <FOREXRATE>22000</FOREXRATE>
    <UNIT>Nos</UNIT>
   </RATE>
   <ACTUALQTY>
    <UNIT>Nos</UNIT>
    <QUANTITY>20</QUANTITY>
   </ACTUALQTY>
   <BILLEDQTY>
    <UNIT>Nos</UNIT>
    <QUANTITY>20</QUANTITY>
   </BILLEDQTY>
   <AMOUNT>
    <AMOUNT>440000</AMOUNT>
    <CURRENCY>₹</CURRENCY>
    <FOREXSYMBOL>- * -</FOREXSYMBOL>
    <ISDEBIT>false</ISDEBIT>
   </AMOUNT>
   <BATCHALLOCATIONS.LIST>
    <TRACKINGNUMBER>Not Applicable</TRACKINGNUMBER>
    <ORDERNO>Not Applicable</ORDERNO>
    <GODOWNNAME>Assembly Floor</GODOWNNAME>
    <BATCHNAME>Primary Batch</BATCHNAME>
    <AMOUNT>
     <AMOUNT>440000</AMOUNT>
     <CURRENCY>₹</CURRENCY>
     <FOREXSYMBOL>- * -</FOREXSYMBOL>
     <ISDEBIT>false</ISDEBIT>
    </AMOUNT>
    <ACTUALQTY>
     <UNIT>Nos</UNIT>
     <QUANTITY>20</QUANTITY>
    </ACTUALQTY>
    <BILLEDQTY>
     <UNIT>Nos</UNIT>
     <QUANTITY>20</QUANTITY>
    </BILLEDQTY>
   </BATCHALLOCATIONS.LIST>
   <ACCOUNTINGALLOCATIONS.LIST>
    <INDEXNUMBER>1</INDEXNUMBER>
    <LEDGERNAME>Interstate Sales @ 4%</LEDGERNAME>
    <LEDGERTAXTYPE>Sales Tax</LEDGERTAXTYPE>
    <VCHLEDGERTYPE>Others</VCHLEDGERTYPE>
    <ISDEEMEDPOSITIVE>false</ISDEEMEDPOSITIVE>
    <AMOUNT>
     <AMOUNT>440000</AMOUNT>
     <CURRENCY>₹</CURRENCY>
     <FOREXSYMBOL>- * -</FOREXSYMBOL>
     <ISDEBIT>false</ISDEBIT>
    </AMOUNT>
   </ACCOUNTINGALLOCATIONS.LIST>
  </ALLINVENTORYENTRIES.LIST>
 </VOUCHER>
 <VOUCHER>
  <GUID>52889497-5b6b-403d-8f83-224e3c7759b4-00000305</GUID>
  <REMOTEALTGUID>52889497-5b6b-403d-8f83-224e3c7759b4</REMOTEALTGUID>
  <MASTERID>773</MASTERID>
  <ALTERID>6859</ALTERID>
  <ENTEREDBY>A</ENTEREDBY>
  <DATE>2010-01-10</DATE>
  <EFFECTIVEDATE>2010-01-10</EFFECTIVEDATE>
  <VOUCHERTYPENAME>Sales</VOUCHERTYPENAME>
  <PERSISTEDVIEW>InvoiceVoucherView</PERSISTEDVIEW>
  <VCHGSTCLASS>Not Applicable</VCHGSTCLASS>
  <ISCOSTCENTRE>false</ISCOSTCENTRE>
  <ISINVOICE>true</ISINVOICE>
  <VOUCHERNUMBER>19</VOUCHERNUMBER>
  <ISOPTIONAL>false</ISOPTIONAL>
  <PARTYNAME>Modern Advertisers</PARTYNAME>
  <VOUCHERNUMBERSERIES>Default</VOUCHERNUMBERSERIES>
  <GSTREGISTRATION>Not Applicable</GSTREGISTRATION>
  <BASICBUYERNAME>Modern Advertisers</BASICBUYERNAME>
  <ISCANCELLED>false</ISCANCELLED>
  <OVRDNEWAYBILLAPPLICABILITY>false</OVRDNEWAYBILLAPPLICABILITY>
  <LEDGERENTRIES.LIST>
   <INDEXNUMBER>1</INDEXNUMBER>
   <LEDGERNAME>Modern Advertisers</LEDGERNAME>
   <VCHLEDGERTYPE>Others</VCHLEDGERTYPE>
   <ISDEEMEDPOSITIVE>true</ISDEEMEDPOSITIVE>
   <ISPARTYLEDGER>true</ISPARTYLEDGER>
   <AMOUNT>
    <AMOUNT>7022.50</AMOUNT>
    <CURRENCY>₹</CURRENCY>
    <FOREXSYMBOL>- * -</FOREXSYMBOL>
    <ISDEBIT>true</ISDEBIT>
   </AMOUNT>
   <BILLALLOCATIONS.LIST>
    <BILLTYPE>NewRef</BILLTYPE>
    <NAME>92</NAME>
    <AMOUNT>
     <AMOUNT>7022.50</AMOUNT>
     <CURRENCY>₹</CURRENCY>
     <FOREXSYMBOL>- * -</FOREXSYMBOL>
     <ISDEBIT>true</ISDEBIT>
    </AMOUNT>
   </BILLALLOCATIONS.LIST>
  </LEDGERENTRIES.LIST>
  <LEDGERENTRIES.LIST>
   <INDEXNUMBER>2</INDEXNUMBER>
   <LEDGERNAME>Sales - Advertising Services</LEDGERNAME>
   <VCHLEDGERTYPE>Others</VCHLEDGERTYPE>
   <ISDEEMEDPOSITIVE>false</ISDEEMEDPOSITIVE>
   <ISPARTYLEDGER>false</ISPARTYLEDGER>
   <AMOUNT>
    <AMOUNT>6250</AMOUNT>
    <CURRENCY>₹</CURRENCY>
    <FOREXSYMBOL>- * -</FOREXSYMBOL>
    <ISDEBIT>false</ISDEBIT>
   </AMOUNT>
   <BILLALLOCATIONS.LIST>
    <BILLTYPE>OnAccount</BILLTYPE>
    <AMOUNT>
     <AMOUNT>6250</AMOUNT>
     <CURRENCY>₹</CURRENCY>
     <FOREXSYMBOL>- * -</FOREXSYMBOL>
     <ISDEBIT>false</ISDEBIT>
    </AMOUNT>
   </BILLALLOCATIONS.LIST>
  </LEDGERENTRIES.LIST>
  <LEDGERENTRIES.LIST>
   <INDEXNUMBER>3</INDEXNUMBER>
   <LEDGERNAME>Output ST - Advt. Services</LEDGERNAME>
   <VCHLEDGERTYPE>Service Tax</VCHLEDGERTYPE>
   <ISDEEMEDPOSITIVE>false</ISDEEMEDPOSITIVE>
   <ISPARTYLEDGER>false</ISPARTYLEDGER>
   <AMOUNT>
    <AMOUNT>772.50</AMOUNT>
    <CURRENCY>₹</CURRENCY>
    <FOREXSYMBOL>- * -</FOREXSYMBOL>
    <ISDEBIT>false</ISDEBIT>
   </AMOUNT>
  </LEDGERENTRIES.LIST>
 </VOUCHER>
 <VOUCHER>
  <GUID>52889497-5b6b-403d-8f83-224e3c7759b4-00000311</GUID>
  <REMOTEALTGUID>52889497-5b6b-403d-8f83-224e3c7759b4</REMOTEALTGUID>
  <MASTERID>785</MASTERID>
  <ALTERID>6874</ALTERID>
  <ENTEREDBY>A</ENTEREDBY>
  <DATE>2010-01-15</DATE>
  <EFFECTIVEDATE>2010-01-15</EFFECTIVEDATE>
  <VOUCHERTYPENAME>Sales</VOUCHERTYPENAME>
  <PERSISTEDVIEW>InvoiceVoucherView</PERSISTEDVIEW>
  <VCHGSTCLASS>Not Applicable</VCHGSTCLASS>
  <ISCOSTCENTRE>false</ISCOSTCENTRE>
  <ISINVOICE>true</ISINVOICE>
  <VOUCHERNUMBER>20</VOUCHERNUMBER>
  <ISOPTIONAL>false</ISOPTIONAL>
  <NARRATION>Being Inkjet Catridges sold.</NARRATION>
  <BASICDUEDATEOFPYMT>60 Days</BASICDUEDATEOFPYMT>
  <PARTYNAME>All India Computer Institute</PARTYNAME>
  <VOUCHERNUMBERSERIES>Default</VOUCHERNUMBERSERIES>
  <GSTREGISTRATION>Not Applicable</GSTREGISTRATION>
  <BASICBUYERNAME>All India Computer Institute</BASICBUYERNAME>
  <ISCANCELLED>false</ISCANCELLED>
  <OVRDNEWAYBILLAPPLICABILITY>false</OVRDNEWAYBILLAPPLICABILITY>
  <LEDGERENTRIES.LIST>
   <INDEXNUMBER>1</INDEXNUMBER>
   <LEDGERNAME>All India Computer Institute</LEDGERNAME>
   <VCHLEDGERTYPE>Others</VCHLEDGERTYPE>
   <ISDEEMEDPOSITIVE>true</ISDEEMEDPOSITIVE>
   <ISPARTYLEDGER>true</ISPARTYLEDGER>
   <AMOUNT>
    <AMOUNT>60320</AMOUNT>
    <CURRENCY>₹</CURRENCY>
    <FOREXSYMBOL>- * -</FOREXSYMBOL>
    <ISDEBIT>true</ISDEBIT>
   </AMOUNT>
   <BILLALLOCATIONS.LIST>
    <BILLTYPE>NewRef</BILLTYPE>
    <NAME>11</NAME>
    <BILLCREDITPERIOD>
     <DUEONDATE>2010-03-16</DUEONDATE>
     <INDAYS>60</INDAYS>
     <INTEXT>60 Days</INTEXT>
    </BILLCREDITPERIOD>
    <AMOUNT>
     <AMOUNT>60320</AMOUNT>
     <CURRENCY>₹</CURRENCY>
     <FOREXSYMBOL>- * -</FOREXSYMBOL>
     <ISDEBIT>true</ISDEBIT>
    </AMOUNT>
   </BILLALLOCATIONS.LIST>
  </LEDGERENTRIES.LIST>
  <LEDGERENTRIES.LIST>
   <INDEXNUMBER>2</INDEXNUMBER>
   <LEDGERNAME>Output VAT @ 4%</LEDGERNAME>
   <LEDGERTAXTYPE>On VAT Rate</LEDGERTAXTYPE>
   <VCHLEDGERTYPE>VAT</VCHLEDGERTYPE>
   <ISDEEMEDPOSITIVE>false</ISDEEMEDPOSITIVE>
   <ISPARTYLEDGER>false</ISPARTYLEDGER>
   <AMOUNT>
    <AMOUNT>2320</AMOUNT>
    <CURRENCY>₹</CURRENCY>
    <FOREXSYMBOL>- * -</FOREXSYMBOL>
    <ISDEBIT>false</ISDEBIT>
   </AMOUNT>
  </LEDGERENTRIES.LIST>
  <ALLINVENTORYENTRIES.LIST>
   <INDEXNUMBER>1</INDEXNUMBER>
   <STOCKITEMNAME>HP 51645A</STOCKITEMNAME>
   <ISSCRAP>false</ISSCRAP>
   <DISCOUNT>0</DISCOUNT>
   <ISDEEMEDPOSITIVE>false</ISDEEMEDPOSITIVE>
   <BASICUSERDESCRIPTION.LIST>
    <BASICUSERDESCRIPTION></BASICUSERDESCRIPTION>
   </BASICUSERDESCRIPTION.LIST>
   <RATE>
    <BASERATE>1500.00</BASERATE>
    <FOREXRATE>1500</FOREXRATE>
    <UNIT>Nos</UNIT>
   </RATE>
   <ACTUALQTY>
    <UNIT>Nos</UNIT>
    <QUANTITY>15</QUANTITY>
   </ACTUALQTY>
   <BILLEDQTY>
    <UNIT>Nos</UNIT>
    <QUANTITY>15</QUANTITY>
   </BILLEDQTY>
   <AMOUNT>
    <AMOUNT>22500</AMOUNT>
    <CURRENCY>₹</CURRENCY>
    <FOREXSYMBOL>- * -</FOREXSYMBOL>
    <ISDEBIT>false</ISDEBIT>
   </AMOUNT>
   <BATCHALLOCATIONS.LIST>
    <TRACKINGNUMBER>Not Applicable</TRACKINGNUMBER>
    <ORDERNO>Not Applicable</ORDERNO>
    <GODOWNNAME>Stores</GODOWNNAME>
    <BATCHNAME>Primary Batch</BATCHNAME>
    <AMOUNT>
     <AMOUNT>22500</AMOUNT>
     <CURRENCY>₹</CURRENCY>
     <FOREXSYMBOL>- * -</FOREXSYMBOL>
     <ISDEBIT>false</ISDEBIT>
    </AMOUNT>
    <ACTUALQTY>
     <UNIT>Nos</UNIT>
     <QUANTITY>15</QUANTITY>
    </ACTUALQTY>
    <BILLEDQTY>
     <UNIT>Nos</UNIT>
     <QUANTITY>15</QUANTITY>
    </BILLEDQTY>
   </BATCHALLOCATIONS.LIST>
   <ACCOUNTINGALLOCATIONS.LIST>
    <INDEXNUMBER>1</INDEXNUMBER>
    <LEDGERNAME>Advertisement Charges</LEDGERNAME>
    <VCHLEDGERTYPE>Others</VCHLEDGERTYPE>
    <ISDEEMEDPOSITIVE>false</ISDEEMEDPOSITIVE>
    <AMOUNT>
     <AMOUNT>22500</AMOUNT>
     <CURRENCY>₹</CURRENCY>
     <FOREXSYMBOL>- * -</FOREXSYMBOL>
     <ISDEBIT>false</ISDEBIT>
    </AMOUNT>
   </ACCOUNTINGALLOCATIONS.LIST>
  </ALLINVENTORYENTRIES.LIST>
  <ALLINVENTORYENTRIES.LIST>
   <INDEXNUMBER>2</INDEXNUMBER>
   <STOCKITEMNAME>HP - 27</STOCKITEMNAME>
   <ISSCRAP>false</ISSCRAP>
   <DISCOUNT>0</DISCOUNT>
   <ISDEEMEDPOSITIVE>false</ISDEEMEDPOSITIVE>
   <BASICUSERDESCRIPTION.LIST>
    <BASICUSERDESCRIPTION></BASICUSERDESCRIPTION>
   </BASICUSERDESCRIPTION.LIST>
   <RATE>
    <BASERATE>1150.00</BASERATE>
    <FOREXRATE>1150</FOREXRATE>
    <UNIT>Nos</UNIT>
   </RATE>
   <ACTUALQTY>
    <UNIT>Nos</UNIT>
    <QUANTITY>10</QUANTITY>
   </ACTUALQTY>
   <BILLEDQTY>
    <UNIT>Nos</UNIT>
    <QUANTITY>10</QUANTITY>
   </BILLEDQTY>
   <AMOUNT>
    <AMOUNT>11500</AMOUNT>
    <CURRENCY>₹</CURRENCY>
    <FOREXSYMBOL>- * -</FOREXSYMBOL>
    <ISDEBIT>false</ISDEBIT>
   </AMOUNT>
   <BATCHALLOCATIONS.LIST>
    <TRACKINGNUMBER>Not Applicable</TRACKINGNUMBER>
    <ORDERNO>Not Applicable</ORDERNO>
    <GODOWNNAME>Stores</GODOWNNAME>
    <BATCHNAME>Primary Batch</BATCHNAME>
    <AMOUNT>
     <AMOUNT>11500</AMOUNT>
     <CURRENCY>₹</CURRENCY>
     <FOREXSYMBOL>- * -</FOREXSYMBOL>
     <ISDEBIT>false</ISDEBIT>
    </AMOUNT>
    <ACTUALQTY>
     <UNIT>Nos</UNIT>
     <QUANTITY>10</QUANTITY>
    </ACTUALQTY>
    <BILLEDQTY>
     <UNIT>Nos</UNIT>
     <QUANTITY>10</QUANTITY>
    </BILLEDQTY>
   </BATCHALLOCATIONS.LIST>
   <ACCOUNTINGALLOCATIONS.LIST>
    <INDEXNUMBER>2</INDEXNUMBER>
    <LEDGERNAME>Advertisement Charges</LEDGERNAME>
    <VCHLEDGERTYPE>Others</VCHLEDGERTYPE>
    <ISDEEMEDPOSITIVE>false</ISDEEMEDPOSITIVE>
    <AMOUNT>
     <AMOUNT>11500</AMOUNT>
     <CURRENCY>₹</CURRENCY>
     <FOREXSYMBOL>- * -</FOREXSYMBOL>
     <ISDEBIT>false</ISDEBIT>
    </AMOUNT>
   </ACCOUNTINGALLOCATIONS.LIST>
  </ALLINVENTORYENTRIES.LIST>
  <ALLINVENTORYENTRIES.LIST>
   <INDEXNUMBER>3</INDEXNUMBER>
   <STOCKITEMNAME>HP - 28</STOCKITEMNAME>
   <ISSCRAP>false</ISSCRAP>
   <DISCOUNT>0</DISCOUNT>
   <ISDEEMEDPOSITIVE>false</ISDEEMEDPOSITIVE>
   <BASICUSERDESCRIPTION.LIST>
    <BASICUSERDESCRIPTION></BASICUSERDESCRIPTION>
   </BASICUSERDESCRIPTION.LIST>
   <RATE>
    <BASERATE>1200.00</BASERATE>
    <FOREXRATE>1200</FOREXRATE>
    <UNIT>Nos</UNIT>
   </RATE>
   <ACTUALQTY>
    <UNIT>Nos</UNIT>
    <QUANTITY>20</QUANTITY>
   </ACTUALQTY>
   <BILLEDQTY>
    <UNIT>Nos</UNIT>
    <QUANTITY>20</QUANTITY>
   </BILLEDQTY>
   <AMOUNT>
    <AMOUNT>24000</AMOUNT>
    <CURRENCY>₹</CURRENCY>
    <FOREXSYMBOL>- * -</FOREXSYMBOL>
    <ISDEBIT>false</ISDEBIT>
   </AMOUNT>
   <BATCHALLOCATIONS.LIST>
    <TRACKINGNUMBER>Not Applicable</TRACKINGNUMBER>
    <ORDERNO>Not Applicable</ORDERNO>
    <GODOWNNAME>Stores</GODOWNNAME>
    <BATCHNAME>Primary Batch</BATCHNAME>
    <AMOUNT>
     <AMOUNT>24000</AMOUNT>
     <CURRENCY>₹</CURRENCY>
     <FOREXSYMBOL>- * -</FOREXSYMBOL>
     <ISDEBIT>false</ISDEBIT>
    </AMOUNT>
    <ACTUALQTY>
     <UNIT>Nos</UNIT>
     <QUANTITY>20</QUANTITY>
    </ACTUALQTY>
    <BILLEDQTY>
     <UNIT>Nos</UNIT>
     <QUANTITY>20</QUANTITY>
    </BILLEDQTY>
   </BATCHALLOCATIONS.LIST>
   <ACCOUNTINGALLOCATIONS.LIST>
    <INDEXNUMBER>3</INDEXNUMBER>
    <LEDGERNAME>Advertisement Charges</LEDGERNAME>
    <VCHLEDGERTYPE>Others</VCHLEDGERTYPE>
    <ISDEEMEDPOSITIVE>false</ISDEEMEDPOSITIVE>
    <AMOUNT>
     <AMOUNT>24000</AMOUNT>
     <CURRENCY>₹</CURRENCY>
     <FOREXSYMBOL>- * -</FOREXSYMBOL>
     <ISDEBIT>false</ISDEBIT>
    </AMOUNT>
   </ACCOUNTINGALLOCATIONS.LIST>
  </ALLINVENTORYENTRIES.LIST>
 </VOUCHER>
 <VOUCHER>
  <GUID>52889497-5b6b-403d-8f83-224e3c7759b4-00000313</GUID>
  <REMOTEALTGUID>52889497-5b6b-403d-8f83-224e3c7759b4</REMOTEALTGUID>
  <MASTERID>787</MASTERID>
  <ALTERID>6875</ALTERID>
  <ENTEREDBY>A</ENTEREDBY>
  <DATE>2010-01-15</DATE>
  <EFFECTIVEDATE>2010-01-15</EFFECTIVEDATE>
  <VOUCHERTYPENAME>Sales</VOUCHERTYPENAME>
  <PERSISTEDVIEW>InvoiceVoucherView</PERSISTEDVIEW>
  <VCHGSTCLASS>Not Applicable</VCHGSTCLASS>
  <ISCOSTCENTRE>false</ISCOSTCENTRE>
  <ISINVOICE>true</ISINVOICE>
  <VOUCHERNUMBER>21</VOUCHERNUMBER>
  <ISOPTIONAL>false</ISOPTIONAL>
  <NARRATION>Being Computer Accessories exported to Russia.</NARRATION>
  <BASICSHIPDOCUMENTNO>254603269XCV</BASICSHIPDOCUMENTNO>
  <BASICSHIPPEDBY>Fedex Couriers</BASICSHIPPEDBY>
  <BASICFINALDESTINATION>Russia</BASICFINALDESTINATION>
  <PARTYNAME>Naveen Traders</PARTYNAME>
  <VOUCHERNUMBERSERIES>Default</VOUCHERNUMBERSERIES>
  <GSTREGISTRATION>Not Applicable</GSTREGISTRATION>
  <BASICBUYERNAME>Fuzitsy Systems</BASICBUYERNAME>
  <ISCANCELLED>false</ISCANCELLED>
  <OVRDNEWAYBILLAPPLICABILITY>false</OVRDNEWAYBILLAPPLICABILITY>
  <LEDGERENTRIES.LIST>
   <INDEXNUMBER>1</INDEXNUMBER>
   <LEDGERNAME>Fuzitsy Systems</LEDGERNAME>
   <VCHLEDGERTYPE>Others</VCHLEDGERTYPE>
   <ISDEEMEDPOSITIVE>true</ISDEEMEDPOSITIVE>
   <ISPARTYLEDGER>true</ISPARTYLEDGER>
   <AMOUNT>
    <AMOUNT>54112.50</AMOUNT>
    <CURRENCY>₹</CURRENCY>
    <FOREXAMOUNT>1250</FOREXAMOUNT>
    <FOREXSYMBOL>$</FOREXSYMBOL>
    <RATEOFEXCHANGE>43.29</RATEOFEXCHANGE>
    <ISDEBIT>true</ISDEBIT>
   </AMOUNT>
  </LEDGERENTRIES.LIST>
  <ALLINVENTORYENTRIES.LIST>
   <INDEXNUMBER>1</INDEXNUMBER>
   <STOCKITEMNAME>Wireless Mouse</STOCKITEMNAME>
   <ISSCRAP>false</ISSCRAP>
   <DISCOUNT>0</DISCOUNT>
   <ISDEEMEDPOSITIVE>false</ISDEEMEDPOSITIVE>
   <BASICUSERDESCRIPTION.LIST>
    <BASICUSERDESCRIPTION></BASICUSERDESCRIPTION>
   </BASICUSERDESCRIPTION.LIST>
   <RATE>
    <BASERATE>2164.50</BASERATE>
    <FOREXRATE>50</FOREXRATE>
    <UNIT>Nos</UNIT>
   </RATE>
   <ACTUALQTY>
    <UNIT>Nos</UNIT>
    <QUANTITY>10</QUANTITY>
   </ACTUALQTY>
   <BILLEDQTY>
    <UNIT>Nos</UNIT>
    <QUANTITY>10</QUANTITY>
   </BILLEDQTY>
   <AMOUNT>
    <AMOUNT>21645</AMOUNT>
    <CURRENCY>₹</CURRENCY>
    <FOREXAMOUNT>500</FOREXAMOUNT>
    <FOREXSYMBOL>$</FOREXSYMBOL>
    <RATEOFEXCHANGE>43.29</RATEOFEXCHANGE>
    <ISDEBIT>false</ISDEBIT>
   </AMOUNT>
   <BATCHALLOCATIONS.LIST>
    <TRACKINGNUMBER>Not Applicable</TRACKINGNUMBER>
    <ORDERNO>Not Applicable</ORDERNO>
    <GODOWNNAME>Stores</GODOWNNAME>
    <BATCHNAME>Primary Batch</BATCHNAME>
    <AMOUNT>
     <AMOUNT>21645</AMOUNT>
     <CURRENCY>₹</CURRENCY>
     <FOREXAMOUNT>500</FOREXAMOUNT>
     <FOREXSYMBOL>$</FOREXSYMBOL>
     <RATEOFEXCHANGE>43.29</RATEOFEXCHANGE>
     <ISDEBIT>false</ISDEBIT>
    </AMOUNT>
    <ACTUALQTY>
     <UNIT>Nos</UNIT>
     <QUANTITY>10</QUANTITY>
    </ACTUALQTY>
    <BILLEDQTY>
     <UNIT>Nos</UNIT>
     <QUANTITY>10</QUANTITY>
    </BILLEDQTY>
   </BATCHALLOCATIONS.LIST>
   <ACCOUNTINGALLOCATIONS.LIST>
    <INDEXNUMBER>1</INDEXNUMBER>
    <LEDGERNAME>Sales - Exports</LEDGERNAME>
    <VCHLEDGERTYPE>Others</VCHLEDGERTYPE>
    <ISDEEMEDPOSITIVE>false</ISDEEMEDPOSITIVE>
    <AMOUNT>
     <AMOUNT>21645</AMOUNT>
     <CURRENCY>₹</CURRENCY>
     <FOREXAMOUNT>500</FOREXAMOUNT>
     <FOREXSYMBOL>$</FOREXSYMBOL>
     <RATEOFEXCHANGE>43.29</RATEOFEXCHANGE>
     <ISDEBIT>false</ISDEBIT>
    </AMOUNT>
   </ACCOUNTINGALLOCATIONS.LIST>
  </ALLINVENTORYENTRIES.LIST>
  <ALLINVENTORYENTRIES.LIST>
   <INDEXNUMBER>2</INDEXNUMBER>
   <STOCKITEMNAME>Wireless Keyboard</STOCKITEMNAME>
   <ISSCRAP>false</ISSCRAP>
   <DISCOUNT>0</DISCOUNT>
   <ISDEEMEDPOSITIVE>false</ISDEEMEDPOSITIVE>
   <BASICUSERDESCRIPTION.LIST>
    <BASICUSERDESCRIPTION></BASICUSERDESCRIPTION>
   </BASICUSERDESCRIPTION.LIST>
   <RATE>
    <BASERATE>3246.75</BASERATE>
    <FOREXRATE>75</FOREXRATE>
    <UNIT>Nos</UNIT>
   </RATE>
   <ACTUALQTY>
    <UNIT>Nos</UNIT>
    <QUANTITY>10</QUANTITY>
   </ACTUALQTY>
   <BILLEDQTY>
    <UNIT>Nos</UNIT>
    <QUANTITY>10</QUANTITY>
   </BILLEDQTY>
   <AMOUNT>
    <AMOUNT>32467.50</AMOUNT>
    <CURRENCY>₹</CURRENCY>
    <FOREXAMOUNT>750</FOREXAMOUNT>
    <FOREXSYMBOL>$</FOREXSYMBOL>
    <RATEOFEXCHANGE>43.29</RATEOFEXCHANGE>
    <ISDEBIT>false</ISDEBIT>
   </AMOUNT>
   <BATCHALLOCATIONS.LIST>
    <TRACKINGNUMBER>Not Applicable</TRACKINGNUMBER>
    <ORDERNO>Not Applicable</ORDERNO>
    <GODOWNNAME>Stores</GODOWNNAME>
    <BATCHNAME>Primary Batch</BATCHNAME>
    <AMOUNT>
     <AMOUNT>32467.50</AMOUNT>
     <CURRENCY>₹</CURRENCY>
     <FOREXAMOUNT>750</FOREXAMOUNT>
     <FOREXSYMBOL>$</FOREXSYMBOL>
     <RATEOFEXCHANGE>43.29</RATEOFEXCHANGE>
     <ISDEBIT>false</ISDEBIT>
    </AMOUNT>
    <ACTUALQTY>
     <UNIT>Nos</UNIT>
     <QUANTITY>10</QUANTITY>
    </ACTUALQTY>
    <BILLEDQTY>
     <UNIT>Nos</UNIT>
     <QUANTITY>10</QUANTITY>
    </BILLEDQTY>
   </BATCHALLOCATIONS.LIST>
   <ACCOUNTINGALLOCATIONS.LIST>
    <INDEXNUMBER>2</INDEXNUMBER>
    <LEDGERNAME>Sales - Exports</LEDGERNAME>
    <VCHLEDGERTYPE>Others</VCHLEDGERTYPE>
    <ISDEEMEDPOSITIVE>false</ISDEEMEDPOSITIVE>
    <AMOUNT>
     <AMOUNT>32467.50</AMOUNT>
     <CURRENCY>₹</CURRENCY>
     <FOREXAMOUNT>750</FOREXAMOUNT>
     <FOREXSYMBOL>$</FOREXSYMBOL>
     <RATEOFEXCHANGE>43.29</RATEOFEXCHANGE>
     <ISDEBIT>false</ISDEBIT>
    </AMOUNT>
   </ACCOUNTINGALLOCATIONS.LIST>
  </ALLINVENTORYENTRIES.LIST>
 </VOUCHER>
 <VOUCHER>
  <GUID>52889497-5b6b-403d-8f83-224e3c7759b4-00000318</GUID>
  <REMOTEALTGUID>52889497-5b6b-403d-8f83-224e3c7759b4</REMOTEALTGUID>
  <MASTERID>792</MASTERID>
  <ALTERID>6880</ALTERID>
  <ENTEREDBY>A</ENTEREDBY>
  <DATE>2010-01-15</DATE>
  <EFFECTIVEDATE>2010-01-15</EFFECTIVEDATE>
  <VOUCHERTYPENAME>Sales</VOUCHERTYPENAME>
  <PERSISTEDVIEW>InvoiceVoucherView</PERSISTEDVIEW>
  <VCHGSTCLASS>Not Applicable</VCHGSTCLASS>
  <ISCOSTCENTRE>false</ISCOSTCENTRE>
  <ISINVOICE>true</ISINVOICE>
  <VOUCHERNUMBER>22</VOUCHERNUMBER>
  <ISOPTIONAL>false</ISOPTIONAL>
  <PARTYNAME>Hindustan Timbers</PARTYNAME>
  <VOUCHERNUMBERSERIES>Default</VOUCHERNUMBERSERIES>
  <GSTREGISTRATION>Not Applicable</GSTREGISTRATION>
  <BASICBUYERNAME>Hindustan Timbers</BASICBUYERNAME>
  <ISCANCELLED>false</ISCANCELLED>
  <OVRDNEWAYBILLAPPLICABILITY>false</OVRDNEWAYBILLAPPLICABILITY>
  <LEDGERENTRIES.LIST>
   <INDEXNUMBER>1</INDEXNUMBER>
   <LEDGERNAME>Hindustan Timbers</LEDGERNAME>
   <VCHLEDGERTYPE>Others</VCHLEDGERTYPE>
   <ISDEEMEDPOSITIVE>true</ISDEEMEDPOSITIVE>
   <ISPARTYLEDGER>true</ISPARTYLEDGER>
   <AMOUNT>
    <AMOUNT>1168435.13</AMOUNT>
    <CURRENCY>₹</CURRENCY>
    <FOREXSYMBOL>- * -</FOREXSYMBOL>
    <ISDEBIT>true</ISDEBIT>
   </AMOUNT>
   <BILLALLOCATIONS.LIST>
    <BILLTYPE>NewRef</BILLTYPE>
    <NAME>19</NAME>
    <AMOUNT>
     <AMOUNT>1168435.13</AMOUNT>
     <CURRENCY>₹</CURRENCY>
     <FOREXSYMBOL>- * -</FOREXSYMBOL>
     <ISDEBIT>true</ISDEBIT>
    </AMOUNT>
   </BILLALLOCATIONS.LIST>
  </LEDGERENTRIES.LIST>
  <LEDGERENTRIES.LIST>
   <INDEXNUMBER>2</INDEXNUMBER>
   <LEDGERNAME>TCS @ 2.5%</LEDGERNAME>
   <VCHLEDGERTYPE>TCS</VCHLEDGERTYPE>
   <ISDEEMEDPOSITIVE>false</ISDEEMEDPOSITIVE>
   <ISPARTYLEDGER>false</ISPARTYLEDGER>
   <AMOUNT>
    <AMOUNT>28609</AMOUNT>
    <CURRENCY>₹</CURRENCY>
    <FOREXSYMBOL>- * -</FOREXSYMBOL>
    <ISDEBIT>false</ISDEBIT>
   </AMOUNT>
  </LEDGERENTRIES.LIST>
  <LEDGERENTRIES.LIST>
   <INDEXNUMBER>3</INDEXNUMBER>
   <LEDGERNAME>Output VAT @ 12.5%</LEDGERNAME>
   <LEDGERTAXTYPE>On VAT Rate</LEDGERTAXTYPE>
   <VCHLEDGERTYPE>VAT</VCHLEDGERTYPE>
   <ISDEEMEDPOSITIVE>false</ISDEEMEDPOSITIVE>
   <ISPARTYLEDGER>false</ISPARTYLEDGER>
   <AMOUNT>
    <AMOUNT>129826.13</AMOUNT>
    <CURRENCY>₹</CURRENCY>
    <FOREXSYMBOL>- * -</FOREXSYMBOL>
    <ISDEBIT>false</ISDEBIT>
   </AMOUNT>
  </LEDGERENTRIES.LIST>
  <ALLINVENTORYENTRIES.LIST>
   <INDEXNUMBER>1</INDEXNUMBER>
   <STOCKITEMNAME>Timber</STOCKITEMNAME>
   <ISSCRAP>false</ISSCRAP>
   <DISCOUNT>0</DISCOUNT>
   <ISDEEMEDPOSITIVE>false</ISDEEMEDPOSITIVE>
   <BASICUSERDESCRIPTION.LIST>
    <BASICUSERDESCRIPTION></BASICUSERDESCRIPTION>
   </BASICUSERDESCRIPTION.LIST>
   <RATE>
    <BASERATE>10100.00</BASERATE>
    <FOREXRATE>10100</FOREXRATE>
    <UNIT>MT</UNIT>
   </RATE>
   <ACTUALQTY>
    <UNIT>MT</UNIT>
    <QUANTITY>100</QUANTITY>
   </ACTUALQTY>
   <BILLEDQTY>
    <UNIT>MT</UNIT>
    <QUANTITY>100</QUANTITY>
   </BILLEDQTY>
   <AMOUNT>
    <AMOUNT>1010000</AMOUNT>
    <CURRENCY>₹</CURRENCY>
    <FOREXSYMBOL>- * -</FOREXSYMBOL>
    <ISDEBIT>false</ISDEBIT>
   </AMOUNT>
   <BATCHALLOCATIONS.LIST>
    <TRACKINGNUMBER>Not Applicable</TRACKINGNUMBER>
    <ORDERNO>Not Applicable</ORDERNO>
    <GODOWNNAME>Main Location</GODOWNNAME>
    <BATCHNAME>Primary Batch</BATCHNAME>
    <AMOUNT>
     <AMOUNT>1010000</AMOUNT>
     <CURRENCY>₹</CURRENCY>
     <FOREXSYMBOL>- * -</FOREXSYMBOL>
     <ISDEBIT>false</ISDEBIT>
    </AMOUNT>
    <ACTUALQTY>
     <UNIT>MT</UNIT>
     <QUANTITY>100</QUANTITY>
    </ACTUALQTY>
    <BILLEDQTY>
     <UNIT>MT</UNIT>
     <QUANTITY>100</QUANTITY>
    </BILLEDQTY>
   </BATCHALLOCATIONS.LIST>
   <ACCOUNTINGALLOCATIONS.LIST>
    <INDEXNUMBER>1</INDEXNUMBER>
    <LEDGERNAME>Sales @ 12.5%</LEDGERNAME>
    <VCHLEDGERTYPE>Others</VCHLEDGERTYPE>
    <ISDEEMEDPOSITIVE>false</ISDEEMEDPOSITIVE>
    <AMOUNT>
     <AMOUNT>1010000</AMOUNT>
     <CURRENCY>₹</CURRENCY>
     <FOREXSYMBOL>- * -</FOREXSYMBOL>
     <ISDEBIT>false</ISDEBIT>
    </AMOUNT>
   </ACCOUNTINGALLOCATIONS.LIST>
  </ALLINVENTORYENTRIES.LIST>
 </VOUCHER>
 <VOUCHER>
  <GUID>52889497-5b6b-403d-8f83-224e3c7759b4-0000031e</GUID>
  <REMOTEALTGUID>52889497-5b6b-403d-8f83-224e3c7759b4</REMOTEALTGUID>
  <MASTERID>798</MASTERID>
  <ALTERID>6888</ALTERID>
  <ENTEREDBY>A</ENTEREDBY>
  <DATE>2010-01-21</DATE>
  <EFFECTIVEDATE>2010-01-21</EFFECTIVEDATE>
  <VOUCHERTYPENAME>Sales</VOUCHERTYPENAME>
  <PERSISTEDVIEW>InvoiceVoucherView</PERSISTEDVIEW>
  <VCHGSTCLASS>Not Applicable</VCHGSTCLASS>
  <ISCOSTCENTRE>false</ISCOSTCENTRE>
  <ISINVOICE>true</ISINVOICE>
  <VOUCHERNUMBER>23</VOUCHERNUMBER>
  <ISOPTIONAL>false</ISOPTIONAL>
  <PARTYNAME>Janata Timbers</PARTYNAME>
  <VOUCHERNUMBERSERIES>Default</VOUCHERNUMBERSERIES>
  <GSTREGISTRATION>Not Applicable</GSTREGISTRATION>
  <BASICBUYERNAME>Janata Timbers</BASICBUYERNAME>
  <ISCANCELLED>false</ISCANCELLED>
  <OVRDNEWAYBILLAPPLICABILITY>false</OVRDNEWAYBILLAPPLICABILITY>
  <LEDGERENTRIES.LIST>
   <INDEXNUMBER>1</INDEXNUMBER>
   <LEDGERNAME>Janata Timbers</LEDGERNAME>
   <VCHLEDGERTYPE>Others</VCHLEDGERTYPE>
   <ISDEEMEDPOSITIVE>true</ISDEEMEDPOSITIVE>
   <ISPARTYLEDGER>true</ISPARTYLEDGER>
   <AMOUNT>
    <AMOUNT>520590.38</AMOUNT>
    <CURRENCY>₹</CURRENCY>
    <FOREXSYMBOL>- * -</FOREXSYMBOL>
    <ISDEBIT>true</ISDEBIT>
   </AMOUNT>
   <BILLALLOCATIONS.LIST>
    <BILLTYPE>NewRef</BILLTYPE>
    <NAME>19</NAME>
    <AMOUNT>
     <AMOUNT>520590.38</AMOUNT>
     <CURRENCY>₹</CURRENCY>
     <FOREXSYMBOL>- * -</FOREXSYMBOL>
     <ISDEBIT>true</ISDEBIT>
    </AMOUNT>
   </BILLALLOCATIONS.LIST>
  </LEDGERENTRIES.LIST>
  <LEDGERENTRIES.LIST>
   <INDEXNUMBER>2</INDEXNUMBER>
   <LEDGERNAME>TCS @ 2.5%</LEDGERNAME>
   <VCHLEDGERTYPE>TCS</VCHLEDGERTYPE>
   <ISDEEMEDPOSITIVE>false</ISDEEMEDPOSITIVE>
   <ISPARTYLEDGER>false</ISPARTYLEDGER>
   <AMOUNT>
    <AMOUNT>12747</AMOUNT>
    <CURRENCY>₹</CURRENCY>
    <FOREXSYMBOL>- * -</FOREXSYMBOL>
    <ISDEBIT>false</ISDEBIT>
   </AMOUNT>
  </LEDGERENTRIES.LIST>
  <LEDGERENTRIES.LIST>
   <INDEXNUMBER>3</INDEXNUMBER>
   <LEDGERNAME>Output VAT @ 12.5%</LEDGERNAME>
   <LEDGERTAXTYPE>On VAT Rate</LEDGERTAXTYPE>
   <VCHLEDGERTYPE>VAT</VCHLEDGERTYPE>
   <ISDEEMEDPOSITIVE>false</ISDEEMEDPOSITIVE>
   <ISPARTYLEDGER>false</ISPARTYLEDGER>
   <AMOUNT>
    <AMOUNT>57843.38</AMOUNT>
    <CURRENCY>₹</CURRENCY>
    <FOREXSYMBOL>- * -</FOREXSYMBOL>
    <ISDEBIT>false</ISDEBIT>
   </AMOUNT>
  </LEDGERENTRIES.LIST>
  <ALLINVENTORYENTRIES.LIST>
   <INDEXNUMBER>1</INDEXNUMBER>
   <STOCKITEMNAME>Timber</STOCKITEMNAME>
   <ISSCRAP>false</ISSCRAP>
   <DISCOUNT>0</DISCOUNT>
   <ISDEEMEDPOSITIVE>false</ISDEEMEDPOSITIVE>
   <BASICUSERDESCRIPTION.LIST>
    <BASICUSERDESCRIPTION></BASICUSERDESCRIPTION>
   </BASICUSERDESCRIPTION.LIST>
   <RATE>
    <BASERATE>10000.00</BASERATE>
    <FOREXRATE>10000</FOREXRATE>
    <UNIT>MT</UNIT>
   </RATE>
   <ACTUALQTY>
    <UNIT>MT</UNIT>
    <QUANTITY>45</QUANTITY>
   </ACTUALQTY>
   <BILLEDQTY>
    <UNIT>MT</UNIT>
    <QUANTITY>45</QUANTITY>
   </BILLEDQTY>
   <AMOUNT>
    <AMOUNT>450000</AMOUNT>
    <CURRENCY>₹</CURRENCY>
    <FOREXSYMBOL>- * -</FOREXSYMBOL>
    <ISDEBIT>false</ISDEBIT>
   </AMOUNT>
   <BATCHALLOCATIONS.LIST>
    <TRACKINGNUMBER>Not Applicable</TRACKINGNUMBER>
    <ORDERNO>Not Applicable</ORDERNO>
    <GODOWNNAME>Main Location</GODOWNNAME>
    <BATCHNAME>Primary Batch</BATCHNAME>
    <AMOUNT>
     <AMOUNT>450000</AMOUNT>
     <CURRENCY>₹</CURRENCY>
     <FOREXSYMBOL>- * -</FOREXSYMBOL>
     <ISDEBIT>false</ISDEBIT>
    </AMOUNT>
    <ACTUALQTY>
     <UNIT>MT</UNIT>
     <QUANTITY>45</QUANTITY>
    </ACTUALQTY>
    <BILLEDQTY>
     <UNIT>MT</UNIT>
     <QUANTITY>45</QUANTITY>
    </BILLEDQTY>
   </BATCHALLOCATIONS.LIST>
   <ACCOUNTINGALLOCATIONS.LIST>
    <INDEXNUMBER>1</INDEXNUMBER>
    <LEDGERNAME>Sales @ 12.5%</LEDGERNAME>
    <VCHLEDGERTYPE>Others</VCHLEDGERTYPE>
    <ISDEEMEDPOSITIVE>false</ISDEEMEDPOSITIVE>
    <AMOUNT>
     <AMOUNT>450000</AMOUNT>
     <CURRENCY>₹</CURRENCY>
     <FOREXSYMBOL>- * -</FOREXSYMBOL>
     <ISDEBIT>false</ISDEBIT>
    </AMOUNT>
   </ACCOUNTINGALLOCATIONS.LIST>
  </ALLINVENTORYENTRIES.LIST>
 </VOUCHER>
 <VOUCHER>
  <GUID>52889497-5b6b-403d-8f83-224e3c7759b4-0000034e</GUID>
  <REMOTEALTGUID>52889497-5b6b-403d-8f83-224e3c7759b4</REMOTEALTGUID>
  <MASTERID>846</MASTERID>
  <ALTERID>6956</ALTERID>
  <ENTEREDBY>A</ENTEREDBY>
  <DATE>2010-02-11</DATE>
  <EFFECTIVEDATE>2010-02-11</EFFECTIVEDATE>
  <VOUCHERTYPENAME>Sales</VOUCHERTYPENAME>
  <PERSISTEDVIEW>InvoiceVoucherView</PERSISTEDVIEW>
  <VCHGSTCLASS>Not Applicable</VCHGSTCLASS>
  <ISCOSTCENTRE>false</ISCOSTCENTRE>
  <ISINVOICE>true</ISINVOICE>
  <VOUCHERNUMBER>24</VOUCHERNUMBER>
  <ISOPTIONAL>false</ISOPTIONAL>
  <NARRATION>Being Assembled PIV Computers sold.</NARRATION>
  <BASICDUEDATEOFPYMT>90 Days</BASICDUEDATEOFPYMT>
  <PARTYNAME>D R D O, Bangalore</PARTYNAME>
  <VOUCHERNUMBERSERIES>Default</VOUCHERNUMBERSERIES>
  <GSTREGISTRATION>Not Applicable</GSTREGISTRATION>
  <BASICBUYERNAME>Worldwide Computers</BASICBUYERNAME>
  <ISCANCELLED>false</ISCANCELLED>
  <OVRDNEWAYBILLAPPLICABILITY>false</OVRDNEWAYBILLAPPLICABILITY>
  <LEDGERENTRIES.LIST>
   <INDEXNUMBER>1</INDEXNUMBER>
   <LEDGERNAME>Worldwide Computers</LEDGERNAME>
   <VCHLEDGERTYPE>Others</VCHLEDGERTYPE>
   <ISDEEMEDPOSITIVE>true</ISDEEMEDPOSITIVE>
   <ISPARTYLEDGER>true</ISPARTYLEDGER>
   <AMOUNT>
    <AMOUNT>574500</AMOUNT>
    <CURRENCY>₹</CURRENCY>
    <FOREXSYMBOL>- * -</FOREXSYMBOL>
    <ISDEBIT>true</ISDEBIT>
   </AMOUNT>
   <BILLALLOCATIONS.LIST>
    <BILLTYPE>NewRef</BILLTYPE>
    <NAME>76</NAME>
    <BILLCREDITPERIOD>
     <DUEONDATE>2010-05-12</DUEONDATE>
     <INDAYS>90</INDAYS>
     <INTEXT>90 Days</INTEXT>
    </BILLCREDITPERIOD>
    <AMOUNT>
     <AMOUNT>574500</AMOUNT>
     <CURRENCY>₹</CURRENCY>
     <FOREXSYMBOL>- * -</FOREXSYMBOL>
     <ISDEBIT>true</ISDEBIT>
    </AMOUNT>
   </BILLALLOCATIONS.LIST>
  </LEDGERENTRIES.LIST>
  <LEDGERENTRIES.LIST>
   <INDEXNUMBER>2</INDEXNUMBER>
   <LEDGERNAME>Transportation &amp; Packaging</LEDGERNAME>
   <VCHLEDGERTYPE>Others</VCHLEDGERTYPE>
   <ISDEEMEDPOSITIVE>false</ISDEEMEDPOSITIVE>
   <ISPARTYLEDGER>false</ISPARTYLEDGER>
   <AMOUNT>
    <AMOUNT>2500</AMOUNT>
    <CURRENCY>₹</CURRENCY>
    <FOREXSYMBOL>- * -</FOREXSYMBOL>
    <ISDEBIT>false</ISDEBIT>
   </AMOUNT>
  </LEDGERENTRIES.LIST>
  <LEDGERENTRIES.LIST>
   <INDEXNUMBER>3</INDEXNUMBER>
   <LEDGERNAME>CST Tax @ 4%</LEDGERNAME>
   <LEDGERTAXTYPE>Sales Tax</LEDGERTAXTYPE>
   <VCHLEDGERTYPE>Others</VCHLEDGERTYPE>
   <ISDEEMEDPOSITIVE>false</ISDEEMEDPOSITIVE>
   <ISPARTYLEDGER>false</ISPARTYLEDGER>
   <AMOUNT>
    <AMOUNT>22000</AMOUNT>
    <CURRENCY>₹</CURRENCY>
    <FOREXSYMBOL>- * -</FOREXSYMBOL>
    <ISDEBIT>false</ISDEBIT>
   </AMOUNT>
  </LEDGERENTRIES.LIST>
  <ALLINVENTORYENTRIES.LIST>
   <INDEXNUMBER>1</INDEXNUMBER>
   <STOCKITEMNAME>Assembled PIV</STOCKITEMNAME>
   <ISSCRAP>false</ISSCRAP>
   <DISCOUNT>0</DISCOUNT>
   <ISDEEMEDPOSITIVE>false</ISDEEMEDPOSITIVE>
   <BASICUSERDESCRIPTION.LIST>
    <BASICUSERDESCRIPTION></BASICUSERDESCRIPTION>
   </BASICUSERDESCRIPTION.LIST>
   <RATE>
    <BASERATE>22000.00</BASERATE>
    <FOREXRATE>22000</FOREXRATE>
    <UNIT>Nos</UNIT>
   </RATE>
   <ACTUALQTY>
    <UNIT>Nos</UNIT>
    <QUANTITY>25</QUANTITY>
   </ACTUALQTY>
   <BILLEDQTY>
    <UNIT>Nos</UNIT>
    <QUANTITY>25</QUANTITY>
   </BILLEDQTY>
   <AMOUNT>
    <AMOUNT>550000</AMOUNT>
    <CURRENCY>₹</CURRENCY>
    <FOREXSYMBOL>- * -</FOREXSYMBOL>
    <ISDEBIT>false</ISDEBIT>
   </AMOUNT>
   <BATCHALLOCATIONS.LIST>
    <TRACKINGNUMBER>Not Applicable</TRACKINGNUMBER>
    <ORDERNO>Not Applicable</ORDERNO>
    <GODOWNNAME>Assembly Floor</GODOWNNAME>
    <BATCHNAME>Primary Batch</BATCHNAME>
    <AMOUNT>
     <AMOUNT>550000</AMOUNT>
     <CURRENCY>₹</CURRENCY>
     <FOREXSYMBOL>- * -</FOREXSYMBOL>
     <ISDEBIT>false</ISDEBIT>
    </AMOUNT>
    <ACTUALQTY>
     <UNIT>Nos</UNIT>
     <QUANTITY>25</QUANTITY>
    </ACTUALQTY>
    <BILLEDQTY>
     <UNIT>Nos</UNIT>
     <QUANTITY>25</QUANTITY>
    </BILLEDQTY>
   </BATCHALLOCATIONS.LIST>
   <ACCOUNTINGALLOCATIONS.LIST>
    <INDEXNUMBER>1</INDEXNUMBER>
    <LEDGERNAME>Interstate Sales @ 4%</LEDGERNAME>
    <LEDGERTAXTYPE>Sales Tax</LEDGERTAXTYPE>
    <VCHLEDGERTYPE>Others</VCHLEDGERTYPE>
    <ISDEEMEDPOSITIVE>false</ISDEEMEDPOSITIVE>
    <AMOUNT>
     <AMOUNT>550000</AMOUNT>
     <CURRENCY>₹</CURRENCY>
     <FOREXSYMBOL>- * -</FOREXSYMBOL>
     <ISDEBIT>false</ISDEBIT>
    </AMOUNT>
   </ACCOUNTINGALLOCATIONS.LIST>
  </ALLINVENTORYENTRIES.LIST>
 </VOUCHER>
 <VOUCHER>
  <GUID>52889497-5b6b-403d-8f83-224e3c7759b4-0000035c</GUID>
  <REMOTEALTGUID>52889497-5b6b-403d-8f83-224e3c7759b4</REMOTEALTGUID>
  <MASTERID>860</MASTERID>
  <ALTERID>6970</ALTERID>
  <ENTEREDBY>A</ENTEREDBY>
  <DATE>2010-02-22</DATE>
  <EFFECTIVEDATE>2010-02-22</EFFECTIVEDATE>
  <VOUCHERTYPENAME>Sales</VOUCHERTYPENAME>
  <PERSISTEDVIEW>InvoiceVoucherView</PERSISTEDVIEW>
  <VCHGSTCLASS>Not Applicable</VCHGSTCLASS>
  <ISCOSTCENTRE>false</ISCOSTCENTRE>
  <ISINVOICE>true</ISINVOICE>
  <VOUCHERNUMBER>25</VOUCHERNUMBER>
  <ISOPTIONAL>false</ISOPTIONAL>
  <PARTYNAME>Janata Timbers</PARTYNAME>
  <VOUCHERNUMBERSERIES>Default</VOUCHERNUMBERSERIES>
  <GSTREGISTRATION>Not Applicable</GSTREGISTRATION>
  <BASICBUYERNAME>Janata Timbers</BASICBUYERNAME>
  <ISCANCELLED>false</ISCANCELLED>
  <OVRDNEWAYBILLAPPLICABILITY>false</OVRDNEWAYBILLAPPLICABILITY>
  <LEDGERENTRIES.LIST>
   <INDEXNUMBER>1</INDEXNUMBER>
   <LEDGERNAME>Janata Timbers</LEDGERNAME>
   <VCHLEDGERTYPE>Others</VCHLEDGERTYPE>
   <ISDEEMEDPOSITIVE>true</ISDEEMEDPOSITIVE>
   <ISPARTYLEDGER>true</ISPARTYLEDGER>
   <AMOUNT>
    <AMOUNT>2198045.25</AMOUNT>
    <CURRENCY>₹</CURRENCY>
    <FOREXSYMBOL>- * -</FOREXSYMBOL>
    <ISDEBIT>true</ISDEBIT>
   </AMOUNT>
   <BILLALLOCATIONS.LIST>
    <BILLTYPE>NewRef</BILLTYPE>
    <NAME>94</NAME>
    <AMOUNT>
     <AMOUNT>2198045.25</AMOUNT>
     <CURRENCY>₹</CURRENCY>
     <FOREXSYMBOL>- * -</FOREXSYMBOL>
     <ISDEBIT>true</ISDEBIT>
    </AMOUNT>
   </BILLALLOCATIONS.LIST>
  </LEDGERENTRIES.LIST>
  <LEDGERENTRIES.LIST>
   <INDEXNUMBER>2</INDEXNUMBER>
   <LEDGERNAME>TCS @ 2.5%</LEDGERNAME>
   <VCHLEDGERTYPE>TCS</VCHLEDGERTYPE>
   <ISDEEMEDPOSITIVE>false</ISDEEMEDPOSITIVE>
   <ISPARTYLEDGER>false</ISPARTYLEDGER>
   <AMOUNT>
    <AMOUNT>53818</AMOUNT>
    <CURRENCY>₹</CURRENCY>
    <FOREXSYMBOL>- * -</FOREXSYMBOL>
    <ISDEBIT>false</ISDEBIT>
   </AMOUNT>
  </LEDGERENTRIES.LIST>
  <LEDGERENTRIES.LIST>
   <INDEXNUMBER>3</INDEXNUMBER>
   <LEDGERNAME>Output VAT @ 12.5%</LEDGERNAME>
   <LEDGERTAXTYPE>On VAT Rate</LEDGERTAXTYPE>
   <VCHLEDGERTYPE>VAT</VCHLEDGERTYPE>
   <ISDEEMEDPOSITIVE>false</ISDEEMEDPOSITIVE>
   <ISPARTYLEDGER>false</ISPARTYLEDGER>
   <AMOUNT>
    <AMOUNT>244227.25</AMOUNT>
    <CURRENCY>₹</CURRENCY>
    <FOREXSYMBOL>- * -</FOREXSYMBOL>
    <ISDEBIT>false</ISDEBIT>
   </AMOUNT>
  </LEDGERENTRIES.LIST>
  <ALLINVENTORYENTRIES.LIST>
   <INDEXNUMBER>1</INDEXNUMBER>
   <STOCKITEMNAME>Timber</STOCKITEMNAME>
   <ISSCRAP>false</ISSCRAP>
   <DISCOUNT>0</DISCOUNT>
   <ISDEEMEDPOSITIVE>false</ISDEEMEDPOSITIVE>
   <BASICUSERDESCRIPTION.LIST>
    <BASICUSERDESCRIPTION></BASICUSERDESCRIPTION>
   </BASICUSERDESCRIPTION.LIST>
   <RATE>
    <BASERATE>9500.00</BASERATE>
    <FOREXRATE>9500</FOREXRATE>
    <UNIT>MT</UNIT>
   </RATE>
   <ACTUALQTY>
    <UNIT>MT</UNIT>
    <QUANTITY>200</QUANTITY>
   </ACTUALQTY>
   <BILLEDQTY>
    <UNIT>MT</UNIT>
    <QUANTITY>200</QUANTITY>
   </BILLEDQTY>
   <AMOUNT>
    <AMOUNT>1900000</AMOUNT>
    <CURRENCY>₹</CURRENCY>
    <FOREXSYMBOL>- * -</FOREXSYMBOL>
    <ISDEBIT>false</ISDEBIT>
   </AMOUNT>
   <BATCHALLOCATIONS.LIST>
    <TRACKINGNUMBER>Not Applicable</TRACKINGNUMBER>
    <ORDERNO>Not Applicable</ORDERNO>
    <GODOWNNAME>Main Location</GODOWNNAME>
    <BATCHNAME>Primary Batch</BATCHNAME>
    <AMOUNT>
     <AMOUNT>1900000</AMOUNT>
     <CURRENCY>₹</CURRENCY>
     <FOREXSYMBOL>- * -</FOREXSYMBOL>
     <ISDEBIT>false</ISDEBIT>
    </AMOUNT>
    <ACTUALQTY>
     <UNIT>MT</UNIT>
     <QUANTITY>200</QUANTITY>
    </ACTUALQTY>
    <BILLEDQTY>
     <UNIT>MT</UNIT>
     <QUANTITY>200</QUANTITY>
    </BILLEDQTY>
   </BATCHALLOCATIONS.LIST>
   <ACCOUNTINGALLOCATIONS.LIST>
    <INDEXNUMBER>1</INDEXNUMBER>
    <LEDGERNAME>Sales @ 12.5%</LEDGERNAME>
    <VCHLEDGERTYPE>Others</VCHLEDGERTYPE>
    <ISDEEMEDPOSITIVE>false</ISDEEMEDPOSITIVE>
    <AMOUNT>
     <AMOUNT>1900000</AMOUNT>
     <CURRENCY>₹</CURRENCY>
     <FOREXSYMBOL>- * -</FOREXSYMBOL>
     <ISDEBIT>false</ISDEBIT>
    </AMOUNT>
   </ACCOUNTINGALLOCATIONS.LIST>
  </ALLINVENTORYENTRIES.LIST>
 </VOUCHER>
 <VOUCHER>
  <GUID>52889497-5b6b-403d-8f83-224e3c7759b4-00000361</GUID>
  <REMOTEALTGUID>52889497-5b6b-403d-8f83-224e3c7759b4</REMOTEALTGUID>
  <MASTERID>865</MASTERID>
  <ALTERID>6974</ALTERID>
  <ENTEREDBY>A</ENTEREDBY>
  <DATE>2010-02-25</DATE>
  <EFFECTIVEDATE>2010-02-25</EFFECTIVEDATE>
  <VOUCHERTYPENAME>Sales</VOUCHERTYPENAME>
  <PERSISTEDVIEW>InvoiceVoucherView</PERSISTEDVIEW>
  <VCHGSTCLASS>Not Applicable</VCHGSTCLASS>
  <ISCOSTCENTRE>false</ISCOSTCENTRE>
  <ISINVOICE>true</ISINVOICE>
  <VOUCHERNUMBER>26</VOUCHERNUMBER>
  <ISOPTIONAL>false</ISOPTIONAL>
  <NARRATION>Being Assembled PIV Computers sold.</NARRATION>
  <BASICDUEDATEOFPYMT>90 Days</BASICDUEDATEOFPYMT>
  <PARTYNAME>Universal Systems</PARTYNAME>
  <VOUCHERNUMBERSERIES>Default</VOUCHERNUMBERSERIES>
  <GSTREGISTRATION>Not Applicable</GSTREGISTRATION>
  <BASICBUYERNAME>Universal Systems</BASICBUYERNAME>
  <ISCANCELLED>false</ISCANCELLED>
  <OVRDNEWAYBILLAPPLICABILITY>false</OVRDNEWAYBILLAPPLICABILITY>
  <DELIVERYNOTES>
   <BASICSHIPPINGDATE>2005-02-25</BASICSHIPPINGDATE>
   <BASICSHIPDELIVERYNOTE>12144</BASICSHIPDELIVERYNOTE>
  </DELIVERYNOTES>
  <LEDGERENTRIES.LIST>
   <INDEXNUMBER>1</INDEXNUMBER>
   <LEDGERNAME>Universal Systems</LEDGERNAME>
   <VCHLEDGERTYPE>Others</VCHLEDGERTYPE>
   <ISDEEMEDPOSITIVE>true</ISDEEMEDPOSITIVE>
   <ISPARTYLEDGER>true</ISPARTYLEDGER>
   <AMOUNT>
    <AMOUNT>231300</AMOUNT>
    <CURRENCY>₹</CURRENCY>
    <FOREXSYMBOL>- * -</FOREXSYMBOL>
    <ISDEBIT>true</ISDEBIT>
   </AMOUNT>
   <BILLALLOCATIONS.LIST>
    <BILLTYPE>NewRef</BILLTYPE>
    <NAME>73</NAME>
    <BILLCREDITPERIOD>
     <DUEONDATE>2010-04-11</DUEONDATE>
     <INDAYS>45</INDAYS>
     <INTEXT>45 Days</INTEXT>
    </BILLCREDITPERIOD>
    <AMOUNT>
     <AMOUNT>231300</AMOUNT>
     <CURRENCY>₹</CURRENCY>
     <FOREXSYMBOL>- * -</FOREXSYMBOL>
     <ISDEBIT>true</ISDEBIT>
    </AMOUNT>
   </BILLALLOCATIONS.LIST>
  </LEDGERENTRIES.LIST>
  <LEDGERENTRIES.LIST>
   <INDEXNUMBER>2</INDEXNUMBER>
   <LEDGERNAME>Transportation &amp; Packaging</LEDGERNAME>
   <VCHLEDGERTYPE>Others</VCHLEDGERTYPE>
   <ISDEEMEDPOSITIVE>false</ISDEEMEDPOSITIVE>
   <ISPARTYLEDGER>false</ISPARTYLEDGER>
   <AMOUNT>
    <AMOUNT>2500</AMOUNT>
    <CURRENCY>₹</CURRENCY>
    <FOREXSYMBOL>- * -</FOREXSYMBOL>
    <ISDEBIT>false</ISDEBIT>
   </AMOUNT>
  </LEDGERENTRIES.LIST>
  <LEDGERENTRIES.LIST>
   <INDEXNUMBER>3</INDEXNUMBER>
   <LEDGERNAME>CST Tax @ 4%</LEDGERNAME>
   <LEDGERTAXTYPE>Sales Tax</LEDGERTAXTYPE>
   <VCHLEDGERTYPE>Others</VCHLEDGERTYPE>
   <ISDEEMEDPOSITIVE>false</ISDEEMEDPOSITIVE>
   <ISPARTYLEDGER>false</ISPARTYLEDGER>
   <AMOUNT>
    <AMOUNT>8800</AMOUNT>
    <CURRENCY>₹</CURRENCY>
    <FOREXSYMBOL>- * -</FOREXSYMBOL>
    <ISDEBIT>false</ISDEBIT>
   </AMOUNT>
  </LEDGERENTRIES.LIST>
  <ALLINVENTORYENTRIES.LIST>
   <INDEXNUMBER>1</INDEXNUMBER>
   <STOCKITEMNAME>Assembled PIV</STOCKITEMNAME>
   <ISSCRAP>false</ISSCRAP>
   <DISCOUNT>0</DISCOUNT>
   <ISDEEMEDPOSITIVE>false</ISDEEMEDPOSITIVE>
   <BASICUSERDESCRIPTION.LIST>
    <BASICUSERDESCRIPTION></BASICUSERDESCRIPTION>
   </BASICUSERDESCRIPTION.LIST>
   <RATE>
    <BASERATE>22000.00</BASERATE>
    <FOREXRATE>22000</FOREXRATE>
    <UNIT>Nos</UNIT>
   </RATE>
   <ACTUALQTY>
    <UNIT>Nos</UNIT>
    <QUANTITY>10</QUANTITY>
   </ACTUALQTY>
   <BILLEDQTY>
    <UNIT>Nos</UNIT>
    <QUANTITY>10</QUANTITY>
   </BILLEDQTY>
   <AMOUNT>
    <AMOUNT>220000</AMOUNT>
    <CURRENCY>₹</CURRENCY>
    <FOREXSYMBOL>- * -</FOREXSYMBOL>
    <ISDEBIT>false</ISDEBIT>
   </AMOUNT>
   <BATCHALLOCATIONS.LIST>
    <TRACKINGNUMBER>Not Applicable</TRACKINGNUMBER>
    <ORDERNO>Not Applicable</ORDERNO>
    <GODOWNNAME>Assembly Floor</GODOWNNAME>
    <BATCHNAME>Primary Batch</BATCHNAME>
    <AMOUNT>
     <AMOUNT>220000</AMOUNT>
     <CURRENCY>₹</CURRENCY>
     <FOREXSYMBOL>- * -</FOREXSYMBOL>
     <ISDEBIT>false</ISDEBIT>
    </AMOUNT>
    <ACTUALQTY>
     <UNIT>Nos</UNIT>
     <QUANTITY>10</QUANTITY>
    </ACTUALQTY>
    <BILLEDQTY>
     <UNIT>Nos</UNIT>
     <QUANTITY>10</QUANTITY>
    </BILLEDQTY>
   </BATCHALLOCATIONS.LIST>
   <ACCOUNTINGALLOCATIONS.LIST>
    <INDEXNUMBER>1</INDEXNUMBER>
    <LEDGERNAME>Interstate Sales @ 4%</LEDGERNAME>
    <LEDGERTAXTYPE>Sales Tax</LEDGERTAXTYPE>
    <VCHLEDGERTYPE>Others</VCHLEDGERTYPE>
    <ISDEEMEDPOSITIVE>false</ISDEEMEDPOSITIVE>
    <AMOUNT>
     <AMOUNT>220000</AMOUNT>
     <CURRENCY>₹</CURRENCY>
     <FOREXSYMBOL>- * -</FOREXSYMBOL>
     <ISDEBIT>false</ISDEBIT>
    </AMOUNT>
   </ACCOUNTINGALLOCATIONS.LIST>
  </ALLINVENTORYENTRIES.LIST>
 </VOUCHER>
 <VOUCHER>
  <GUID>52889497-5b6b-403d-8f83-224e3c7759b4-00000374</GUID>
  <REMOTEALTGUID>52889497-5b6b-403d-8f83-224e3c7759b4</REMOTEALTGUID>
  <MASTERID>884</MASTERID>
  <ALTERID>6996</ALTERID>
  <ENTEREDBY>A</ENTEREDBY>
  <DATE>2010-02-28</DATE>
  <EFFECTIVEDATE>2010-02-28</EFFECTIVEDATE>
  <VOUCHERTYPENAME>Sales</VOUCHERTYPENAME>
  <PERSISTEDVIEW>InvoiceVoucherView</PERSISTEDVIEW>
  <VCHGSTCLASS>Not Applicable</VCHGSTCLASS>
  <ISCOSTCENTRE>false</ISCOSTCENTRE>
  <ISINVOICE>true</ISINVOICE>
  <VOUCHERNUMBER>27</VOUCHERNUMBER>
  <ISOPTIONAL>false</ISOPTIONAL>
  <PARTYNAME>Modern Advertisers</PARTYNAME>
  <VOUCHERNUMBERSERIES>Default</VOUCHERNUMBERSERIES>
  <GSTREGISTRATION>Not Applicable</GSTREGISTRATION>
  <BASICBUYERNAME>Modern Advertisers</BASICBUYERNAME>
  <ISCANCELLED>false</ISCANCELLED>
  <OVRDNEWAYBILLAPPLICABILITY>false</OVRDNEWAYBILLAPPLICABILITY>
  <LEDGERENTRIES.LIST>
   <INDEXNUMBER>1</INDEXNUMBER>
   <LEDGERNAME>Modern Advertisers</LEDGERNAME>
   <VCHLEDGERTYPE>Others</VCHLEDGERTYPE>
   <ISDEEMEDPOSITIVE>true</ISDEEMEDPOSITIVE>
   <ISPARTYLEDGER>true</ISPARTYLEDGER>
   <AMOUNT>
    <AMOUNT>6741.60</AMOUNT>
    <CURRENCY>₹</CURRENCY>
    <FOREXSYMBOL>- * -</FOREXSYMBOL>
    <ISDEBIT>true</ISDEBIT>
   </AMOUNT>
   <BILLALLOCATIONS.LIST>
    <BILLTYPE>NewRef</BILLTYPE>
    <NAME>104</NAME>
    <AMOUNT>
     <AMOUNT>6741.60</AMOUNT>
     <CURRENCY>₹</CURRENCY>
     <FOREXSYMBOL>- * -</FOREXSYMBOL>
     <ISDEBIT>true</ISDEBIT>
    </AMOUNT>
   </BILLALLOCATIONS.LIST>
  </LEDGERENTRIES.LIST>
  <LEDGERENTRIES.LIST>
   <INDEXNUMBER>2</INDEXNUMBER>
   <LEDGERNAME>Sales - Advertising Services</LEDGERNAME>
   <VCHLEDGERTYPE>Others</VCHLEDGERTYPE>
   <ISDEEMEDPOSITIVE>false</ISDEEMEDPOSITIVE>
   <ISPARTYLEDGER>false</ISPARTYLEDGER>
   <AMOUNT>
    <AMOUNT>6000</AMOUNT>
    <CURRENCY>₹</CURRENCY>
    <FOREXSYMBOL>- * -</FOREXSYMBOL>
    <ISDEBIT>false</ISDEBIT>
   </AMOUNT>
   <BILLALLOCATIONS.LIST>
    <BILLTYPE>OnAccount</BILLTYPE>
    <AMOUNT>
     <AMOUNT>6000</AMOUNT>
     <CURRENCY>₹</CURRENCY>
     <FOREXSYMBOL>- * -</FOREXSYMBOL>
     <ISDEBIT>false</ISDEBIT>
    </AMOUNT>
   </BILLALLOCATIONS.LIST>
  </LEDGERENTRIES.LIST>
  <LEDGERENTRIES.LIST>
   <INDEXNUMBER>3</INDEXNUMBER>
   <LEDGERNAME>Output ST - Advt. Services</LEDGERNAME>
   <VCHLEDGERTYPE>Service Tax</VCHLEDGERTYPE>
   <ISDEEMEDPOSITIVE>false</ISDEEMEDPOSITIVE>
   <ISPARTYLEDGER>false</ISPARTYLEDGER>
   <AMOUNT>
    <AMOUNT>741.60</AMOUNT>
    <CURRENCY>₹</CURRENCY>
    <FOREXSYMBOL>- * -</FOREXSYMBOL>
    <ISDEBIT>false</ISDEBIT>
   </AMOUNT>
  </LEDGERENTRIES.LIST>
 </VOUCHER>
 <VOUCHER>
  <GUID>52889497-5b6b-403d-8f83-224e3c7759b4-00000389</GUID>
  <REMOTEALTGUID>52889497-5b6b-403d-8f83-224e3c7759b4</REMOTEALTGUID>
  <MASTERID>905</MASTERID>
  <ALTERID>7012</ALTERID>
  <ENTEREDBY>A</ENTEREDBY>
  <DATE>2010-03-05</DATE>
  <EFFECTIVEDATE>2010-03-05</EFFECTIVEDATE>
  <VOUCHERTYPENAME>Sales</VOUCHERTYPENAME>
  <PERSISTEDVIEW>InvoiceVoucherView</PERSISTEDVIEW>
  <VCHGSTCLASS>Not Applicable</VCHGSTCLASS>
  <ISCOSTCENTRE>false</ISCOSTCENTRE>
  <ISINVOICE>true</ISINVOICE>
  <VOUCHERNUMBER>28</VOUCHERNUMBER>
  <ISOPTIONAL>false</ISOPTIONAL>
  <NARRATION>Being Computer Accessories sold to Russia.</NARRATION>
  <BASICSHIPDOCUMENTNO>546980126XCV</BASICSHIPDOCUMENTNO>
  <BASICSHIPPEDBY>FEDEX Couriers</BASICSHIPPEDBY>
  <BASICFINALDESTINATION>Russia</BASICFINALDESTINATION>
  <BASICDUEDATEOFPYMT>30 Days</BASICDUEDATEOFPYMT>
  <PARTYNAME>Batliwala &amp; Co.</PARTYNAME>
  <VOUCHERNUMBERSERIES>Default</VOUCHERNUMBERSERIES>
  <GSTREGISTRATION>Not Applicable</GSTREGISTRATION>
  <BASICBUYERNAME>Fuzitsy Systems</BASICBUYERNAME>
  <ISCANCELLED>false</ISCANCELLED>
  <OVRDNEWAYBILLAPPLICABILITY>false</OVRDNEWAYBILLAPPLICABILITY>
  <LEDGERENTRIES.LIST>
   <INDEXNUMBER>1</INDEXNUMBER>
   <LEDGERNAME>Fuzitsy Systems</LEDGERNAME>
   <VCHLEDGERTYPE>Others</VCHLEDGERTYPE>
   <ISDEEMEDPOSITIVE>true</ISDEEMEDPOSITIVE>
   <ISPARTYLEDGER>true</ISPARTYLEDGER>
   <AMOUNT>
    <AMOUNT>16230</AMOUNT>
    <CURRENCY>₹</CURRENCY>
    <FOREXAMOUNT>375</FOREXAMOUNT>
    <FOREXSYMBOL>$</FOREXSYMBOL>
    <RATEOFEXCHANGE>43.28</RATEOFEXCHANGE>
    <ISDEBIT>true</ISDEBIT>
   </AMOUNT>
  </LEDGERENTRIES.LIST>
  <ALLINVENTORYENTRIES.LIST>
   <INDEXNUMBER>1</INDEXNUMBER>
   <STOCKITEMNAME>Wireless Keyboard</STOCKITEMNAME>
   <ISSCRAP>false</ISSCRAP>
   <DISCOUNT>0</DISCOUNT>
   <ISDEEMEDPOSITIVE>false</ISDEEMEDPOSITIVE>
   <BASICUSERDESCRIPTION.LIST>
    <BASICUSERDESCRIPTION></BASICUSERDESCRIPTION>
   </BASICUSERDESCRIPTION.LIST>
   <RATE>
    <BASERATE>3246.00</BASERATE>
    <FOREXRATE>75</FOREXRATE>
    <UNIT>Nos</UNIT>
   </RATE>
   <ACTUALQTY>
    <UNIT>Nos</UNIT>
    <QUANTITY>5</QUANTITY>
   </ACTUALQTY>
   <BILLEDQTY>
    <UNIT>Nos</UNIT>
    <QUANTITY>5</QUANTITY>
   </BILLEDQTY>
   <AMOUNT>
    <AMOUNT>16230</AMOUNT>
    <CURRENCY>₹</CURRENCY>
    <FOREXAMOUNT>375</FOREXAMOUNT>
    <FOREXSYMBOL>$</FOREXSYMBOL>
    <RATEOFEXCHANGE>43.28</RATEOFEXCHANGE>
    <ISDEBIT>false</ISDEBIT>
   </AMOUNT>
   <BATCHALLOCATIONS.LIST>
    <TRACKINGNUMBER>Not Applicable</TRACKINGNUMBER>
    <ORDERNO>Not Applicable</ORDERNO>
    <GODOWNNAME>Stores</GODOWNNAME>
    <BATCHNAME>Primary Batch</BATCHNAME>
    <AMOUNT>
     <AMOUNT>16230</AMOUNT>
     <CURRENCY>₹</CURRENCY>
     <FOREXAMOUNT>375</FOREXAMOUNT>
     <FOREXSYMBOL>$</FOREXSYMBOL>
     <RATEOFEXCHANGE>43.28</RATEOFEXCHANGE>
     <ISDEBIT>false</ISDEBIT>
    </AMOUNT>
    <ACTUALQTY>
     <UNIT>Nos</UNIT>
     <QUANTITY>5</QUANTITY>
    </ACTUALQTY>
    <BILLEDQTY>
     <UNIT>Nos</UNIT>
     <QUANTITY>5</QUANTITY>
    </BILLEDQTY>
   </BATCHALLOCATIONS.LIST>
   <ACCOUNTINGALLOCATIONS.LIST>
    <INDEXNUMBER>1</INDEXNUMBER>
    <LEDGERNAME>Sales - Exports</LEDGERNAME>
    <VCHLEDGERTYPE>Others</VCHLEDGERTYPE>
    <ISDEEMEDPOSITIVE>false</ISDEEMEDPOSITIVE>
    <AMOUNT>
     <AMOUNT>16230</AMOUNT>
     <CURRENCY>₹</CURRENCY>
     <FOREXAMOUNT>375</FOREXAMOUNT>
     <FOREXSYMBOL>$</FOREXSYMBOL>
     <RATEOFEXCHANGE>43.28</RATEOFEXCHANGE>
     <ISDEBIT>false</ISDEBIT>
    </AMOUNT>
   </ACCOUNTINGALLOCATIONS.LIST>
  </ALLINVENTORYENTRIES.LIST>
 </VOUCHER>
 <VOUCHER>
  <GUID>52889497-5b6b-403d-8f83-224e3c7759b4-00000395</GUID>
  <REMOTEALTGUID>52889497-5b6b-403d-8f83-224e3c7759b4</REMOTEALTGUID>
  <MASTERID>917</MASTERID>
  <ALTERID>7025</ALTERID>
  <ENTEREDBY>A</ENTEREDBY>
  <DATE>2010-03-10</DATE>
  <EFFECTIVEDATE>2010-03-10</EFFECTIVEDATE>
  <VOUCHERTYPENAME>Sales</VOUCHERTYPENAME>
  <PERSISTEDVIEW>InvoiceVoucherView</PERSISTEDVIEW>
  <VCHGSTCLASS>Not Applicable</VCHGSTCLASS>
  <ISCOSTCENTRE>false</ISCOSTCENTRE>
  <ISINVOICE>true</ISINVOICE>
  <VOUCHERNUMBER>29</VOUCHERNUMBER>
  <ISOPTIONAL>false</ISOPTIONAL>
  <NARRATION>Being Assembled PIV Computers sold.</NARRATION>
  <BASICDUEDATEOFPYMT>90 Days</BASICDUEDATEOFPYMT>
  <PARTYNAME>D R D O, Bangalore</PARTYNAME>
  <VOUCHERNUMBERSERIES>Default</VOUCHERNUMBERSERIES>
  <GSTREGISTRATION>Not Applicable</GSTREGISTRATION>
  <BASICBUYERNAME>Worldwide Computers</BASICBUYERNAME>
  <ISCANCELLED>false</ISCANCELLED>
  <OVRDNEWAYBILLAPPLICABILITY>false</OVRDNEWAYBILLAPPLICABILITY>
  <LEDGERENTRIES.LIST>
   <INDEXNUMBER>1</INDEXNUMBER>
   <LEDGERNAME>Worldwide Computers</LEDGERNAME>
   <VCHLEDGERTYPE>Others</VCHLEDGERTYPE>
   <ISDEEMEDPOSITIVE>true</ISDEEMEDPOSITIVE>
   <ISPARTYLEDGER>true</ISPARTYLEDGER>
   <AMOUNT>
    <AMOUNT>460100</AMOUNT>
    <CURRENCY>₹</CURRENCY>
    <FOREXSYMBOL>- * -</FOREXSYMBOL>
    <ISDEBIT>true</ISDEBIT>
   </AMOUNT>
   <BILLALLOCATIONS.LIST>
    <BILLTYPE>NewRef</BILLTYPE>
    <NAME>78</NAME>
    <BILLCREDITPERIOD>
     <DUEONDATE>2010-04-24</DUEONDATE>
     <INDAYS>45</INDAYS>
     <INTEXT>45 Days</INTEXT>
    </BILLCREDITPERIOD>
    <AMOUNT>
     <AMOUNT>460100</AMOUNT>
     <CURRENCY>₹</CURRENCY>
     <FOREXSYMBOL>- * -</FOREXSYMBOL>
     <ISDEBIT>true</ISDEBIT>
    </AMOUNT>
   </BILLALLOCATIONS.LIST>
  </LEDGERENTRIES.LIST>
  <LEDGERENTRIES.LIST>
   <INDEXNUMBER>2</INDEXNUMBER>
   <LEDGERNAME>Transportation &amp; Packaging</LEDGERNAME>
   <VCHLEDGERTYPE>Others</VCHLEDGERTYPE>
   <ISDEEMEDPOSITIVE>false</ISDEEMEDPOSITIVE>
   <ISPARTYLEDGER>false</ISPARTYLEDGER>
   <AMOUNT>
    <AMOUNT>2500</AMOUNT>
    <CURRENCY>₹</CURRENCY>
    <FOREXSYMBOL>- * -</FOREXSYMBOL>
    <ISDEBIT>false</ISDEBIT>
   </AMOUNT>
  </LEDGERENTRIES.LIST>
  <LEDGERENTRIES.LIST>
   <INDEXNUMBER>3</INDEXNUMBER>
   <LEDGERNAME>CST Tax @ 4%</LEDGERNAME>
   <LEDGERTAXTYPE>Sales Tax</LEDGERTAXTYPE>
   <VCHLEDGERTYPE>Others</VCHLEDGERTYPE>
   <ISDEEMEDPOSITIVE>false</ISDEEMEDPOSITIVE>
   <ISPARTYLEDGER>false</ISPARTYLEDGER>
   <AMOUNT>
    <AMOUNT>17600</AMOUNT>
    <CURRENCY>₹</CURRENCY>
    <FOREXSYMBOL>- * -</FOREXSYMBOL>
    <ISDEBIT>false</ISDEBIT>
   </AMOUNT>
  </LEDGERENTRIES.LIST>
  <ALLINVENTORYENTRIES.LIST>
   <INDEXNUMBER>1</INDEXNUMBER>
   <STOCKITEMNAME>Assembled PIV</STOCKITEMNAME>
   <ISSCRAP>false</ISSCRAP>
   <DISCOUNT>0</DISCOUNT>
   <ISDEEMEDPOSITIVE>false</ISDEEMEDPOSITIVE>
   <BASICUSERDESCRIPTION.LIST>
    <BASICUSERDESCRIPTION></BASICUSERDESCRIPTION>
   </BASICUSERDESCRIPTION.LIST>
   <RATE>
    <BASERATE>22000.00</BASERATE>
    <FOREXRATE>22000</FOREXRATE>
    <UNIT>Nos</UNIT>
   </RATE>
   <ACTUALQTY>
    <UNIT>Nos</UNIT>
    <QUANTITY>20</QUANTITY>
   </ACTUALQTY>
   <BILLEDQTY>
    <UNIT>Nos</UNIT>
    <QUANTITY>20</QUANTITY>
   </BILLEDQTY>
   <AMOUNT>
    <AMOUNT>440000</AMOUNT>
    <CURRENCY>₹</CURRENCY>
    <FOREXSYMBOL>- * -</FOREXSYMBOL>
    <ISDEBIT>false</ISDEBIT>
   </AMOUNT>
   <BATCHALLOCATIONS.LIST>
    <TRACKINGNUMBER>Not Applicable</TRACKINGNUMBER>
    <ORDERNO>Not Applicable</ORDERNO>
    <GODOWNNAME>Assembly Floor</GODOWNNAME>
    <BATCHNAME>Primary Batch</BATCHNAME>
    <AMOUNT>
     <AMOUNT>440000</AMOUNT>
     <CURRENCY>₹</CURRENCY>
     <FOREXSYMBOL>- * -</FOREXSYMBOL>
     <ISDEBIT>false</ISDEBIT>
    </AMOUNT>
    <ACTUALQTY>
     <UNIT>Nos</UNIT>
     <QUANTITY>20</QUANTITY>
    </ACTUALQTY>
    <BILLEDQTY>
     <UNIT>Nos</UNIT>
     <QUANTITY>20</QUANTITY>
    </BILLEDQTY>
   </BATCHALLOCATIONS.LIST>
   <ACCOUNTINGALLOCATIONS.LIST>
    <INDEXNUMBER>1</INDEXNUMBER>
    <LEDGERNAME>Interstate Sales @ 4%</LEDGERNAME>
    <LEDGERTAXTYPE>Sales Tax</LEDGERTAXTYPE>
    <VCHLEDGERTYPE>Others</VCHLEDGERTYPE>
    <ISDEEMEDPOSITIVE>false</ISDEEMEDPOSITIVE>
    <AMOUNT>
     <AMOUNT>440000</AMOUNT>
     <CURRENCY>₹</CURRENCY>
     <FOREXSYMBOL>- * -</FOREXSYMBOL>
     <ISDEBIT>false</ISDEBIT>
    </AMOUNT>
   </ACCOUNTINGALLOCATIONS.LIST>
  </ALLINVENTORYENTRIES.LIST>
 </VOUCHER>
 <VOUCHER>
  <GUID>52889497-5b6b-403d-8f83-224e3c7759b4-000003a1</GUID>
  <REMOTEALTGUID>52889497-5b6b-403d-8f83-224e3c7759b4</REMOTEALTGUID>
  <MASTERID>929</MASTERID>
  <ALTERID>7038</ALTERID>
  <ENTEREDBY>A</ENTEREDBY>
  <DATE>2010-03-15</DATE>
  <EFFECTIVEDATE>2010-03-15</EFFECTIVEDATE>
  <VOUCHERTYPENAME>Sales</VOUCHERTYPENAME>
  <PERSISTEDVIEW>InvoiceVoucherView</PERSISTEDVIEW>
  <VCHGSTCLASS>Not Applicable</VCHGSTCLASS>
  <ISCOSTCENTRE>false</ISCOSTCENTRE>
  <ISINVOICE>true</ISINVOICE>
  <VOUCHERNUMBER>30</VOUCHERNUMBER>
  <ISOPTIONAL>false</ISOPTIONAL>
  <PARTYNAME>Nirmaan Timbers</PARTYNAME>
  <VOUCHERNUMBERSERIES>Default</VOUCHERNUMBERSERIES>
  <GSTREGISTRATION>Not Applicable</GSTREGISTRATION>
  <BASICBUYERNAME>Nirmaan Timbers</BASICBUYERNAME>
  <ISCANCELLED>false</ISCANCELLED>
  <OVRDNEWAYBILLAPPLICABILITY>false</OVRDNEWAYBILLAPPLICABILITY>
  <LEDGERENTRIES.LIST>
   <INDEXNUMBER>1</INDEXNUMBER>
   <LEDGERNAME>Nirmaan Timbers</LEDGERNAME>
   <VCHLEDGERTYPE>Others</VCHLEDGERTYPE>
   <ISDEEMEDPOSITIVE>true</ISDEEMEDPOSITIVE>
   <ISPARTYLEDGER>true</ISPARTYLEDGER>
   <AMOUNT>
    <AMOUNT>1064316.38</AMOUNT>
    <CURRENCY>₹</CURRENCY>
    <FOREXSYMBOL>- * -</FOREXSYMBOL>
    <ISDEBIT>true</ISDEBIT>
   </AMOUNT>
   <BILLALLOCATIONS.LIST>
    <BILLTYPE>NewRef</BILLTYPE>
    <NAME>99</NAME>
    <AMOUNT>
     <AMOUNT>1064316.38</AMOUNT>
     <CURRENCY>₹</CURRENCY>
     <FOREXSYMBOL>- * -</FOREXSYMBOL>
     <ISDEBIT>true</ISDEBIT>
    </AMOUNT>
   </BILLALLOCATIONS.LIST>
  </LEDGERENTRIES.LIST>
  <LEDGERENTRIES.LIST>
   <INDEXNUMBER>2</INDEXNUMBER>
   <LEDGERNAME>TCS @ 2.5%</LEDGERNAME>
   <VCHLEDGERTYPE>TCS</VCHLEDGERTYPE>
   <ISDEEMEDPOSITIVE>false</ISDEEMEDPOSITIVE>
   <ISPARTYLEDGER>false</ISPARTYLEDGER>
   <AMOUNT>
    <AMOUNT>26059</AMOUNT>
    <CURRENCY>₹</CURRENCY>
    <FOREXSYMBOL>- * -</FOREXSYMBOL>
    <ISDEBIT>false</ISDEBIT>
   </AMOUNT>
  </LEDGERENTRIES.LIST>
  <LEDGERENTRIES.LIST>
   <INDEXNUMBER>3</INDEXNUMBER>
   <LEDGERNAME>Output VAT @ 12.5%</LEDGERNAME>
   <LEDGERTAXTYPE>On VAT Rate</LEDGERTAXTYPE>
   <VCHLEDGERTYPE>VAT</VCHLEDGERTYPE>
   <ISDEEMEDPOSITIVE>false</ISDEEMEDPOSITIVE>
   <ISPARTYLEDGER>false</ISPARTYLEDGER>
   <AMOUNT>
    <AMOUNT>118257.38</AMOUNT>
    <CURRENCY>₹</CURRENCY>
    <FOREXSYMBOL>- * -</FOREXSYMBOL>
    <ISDEBIT>false</ISDEBIT>
   </AMOUNT>
  </LEDGERENTRIES.LIST>
  <ALLINVENTORYENTRIES.LIST>
   <INDEXNUMBER>1</INDEXNUMBER>
   <STOCKITEMNAME>Timber</STOCKITEMNAME>
   <ISSCRAP>false</ISSCRAP>
   <DISCOUNT>0</DISCOUNT>
   <ISDEEMEDPOSITIVE>false</ISDEEMEDPOSITIVE>
   <BASICUSERDESCRIPTION.LIST>
    <BASICUSERDESCRIPTION></BASICUSERDESCRIPTION>
   </BASICUSERDESCRIPTION.LIST>
   <RATE>
    <BASERATE>9200.00</BASERATE>
    <FOREXRATE>9200</FOREXRATE>
    <UNIT>MT</UNIT>
   </RATE>
   <ACTUALQTY>
    <UNIT>MT</UNIT>
    <QUANTITY>100</QUANTITY>
   </ACTUALQTY>
   <BILLEDQTY>
    <UNIT>MT</UNIT>
    <QUANTITY>100</QUANTITY>
   </BILLEDQTY>
   <AMOUNT>
    <AMOUNT>920000</AMOUNT>
    <CURRENCY>₹</CURRENCY>
    <FOREXSYMBOL>- * -</FOREXSYMBOL>
    <ISDEBIT>false</ISDEBIT>
   </AMOUNT>
   <BATCHALLOCATIONS.LIST>
    <TRACKINGNUMBER>Not Applicable</TRACKINGNUMBER>
    <ORDERNO>Not Applicable</ORDERNO>
    <GODOWNNAME>Main Location</GODOWNNAME>
    <BATCHNAME>Primary Batch</BATCHNAME>
    <AMOUNT>
     <AMOUNT>920000</AMOUNT>
     <CURRENCY>₹</CURRENCY>
     <FOREXSYMBOL>- * -</FOREXSYMBOL>
     <ISDEBIT>false</ISDEBIT>
    </AMOUNT>
    <ACTUALQTY>
     <UNIT>MT</UNIT>
     <QUANTITY>100</QUANTITY>
    </ACTUALQTY>
    <BILLEDQTY>
     <UNIT>MT</UNIT>
     <QUANTITY>100</QUANTITY>
    </BILLEDQTY>
   </BATCHALLOCATIONS.LIST>
   <ACCOUNTINGALLOCATIONS.LIST>
    <INDEXNUMBER>1</INDEXNUMBER>
    <LEDGERNAME>Sales @ 12.5%</LEDGERNAME>
    <VCHLEDGERTYPE>Others</VCHLEDGERTYPE>
    <ISDEEMEDPOSITIVE>false</ISDEEMEDPOSITIVE>
    <AMOUNT>
     <AMOUNT>920000</AMOUNT>
     <CURRENCY>₹</CURRENCY>
     <FOREXSYMBOL>- * -</FOREXSYMBOL>
     <ISDEBIT>false</ISDEBIT>
    </AMOUNT>
   </ACCOUNTINGALLOCATIONS.LIST>
  </ALLINVENTORYENTRIES.LIST>
 </VOUCHER>
 <VOUCHER>
  <GUID>52889497-5b6b-403d-8f83-224e3c7759b4-000003a4</GUID>
  <REMOTEALTGUID>52889497-5b6b-403d-8f83-224e3c7759b4</REMOTEALTGUID>
  <MASTERID>932</MASTERID>
  <ALTERID>7041</ALTERID>
  <ENTEREDBY>A</ENTEREDBY>
  <DATE>2010-03-18</DATE>
  <EFFECTIVEDATE>2010-03-18</EFFECTIVEDATE>
  <VOUCHERTYPENAME>Sales</VOUCHERTYPENAME>
  <PERSISTEDVIEW>InvoiceVoucherView</PERSISTEDVIEW>
  <VCHGSTCLASS>Not Applicable</VCHGSTCLASS>
  <ISCOSTCENTRE>false</ISCOSTCENTRE>
  <ISINVOICE>true</ISINVOICE>
  <VOUCHERNUMBER>31</VOUCHERNUMBER>
  <ISOPTIONAL>false</ISOPTIONAL>
  <PARTYNAME>Janata Timbers</PARTYNAME>
  <VOUCHERNUMBERSERIES>Default</VOUCHERNUMBERSERIES>
  <GSTREGISTRATION>Not Applicable</GSTREGISTRATION>
  <BASICBUYERNAME>Janata Timbers</BASICBUYERNAME>
  <ISCANCELLED>false</ISCANCELLED>
  <OVRDNEWAYBILLAPPLICABILITY>false</OVRDNEWAYBILLAPPLICABILITY>
  <LEDGERENTRIES.LIST>
   <INDEXNUMBER>1</INDEXNUMBER>
   <LEDGERNAME>Janata Timbers</LEDGERNAME>
   <VCHLEDGERTYPE>Others</VCHLEDGERTYPE>
   <ISDEEMEDPOSITIVE>true</ISDEEMEDPOSITIVE>
   <ISPARTYLEDGER>true</ISPARTYLEDGER>
   <AMOUNT>
    <AMOUNT>590001.75</AMOUNT>
    <CURRENCY>₹</CURRENCY>
    <FOREXSYMBOL>- * -</FOREXSYMBOL>
    <ISDEBIT>true</ISDEBIT>
   </AMOUNT>
   <BILLALLOCATIONS.LIST>
    <BILLTYPE>NewRef</BILLTYPE>
    <NAME>100</NAME>
    <AMOUNT>
     <AMOUNT>590001.75</AMOUNT>
     <CURRENCY>₹</CURRENCY>
     <FOREXSYMBOL>- * -</FOREXSYMBOL>
     <ISDEBIT>true</ISDEBIT>
    </AMOUNT>
   </BILLALLOCATIONS.LIST>
  </LEDGERENTRIES.LIST>
  <LEDGERENTRIES.LIST>
   <INDEXNUMBER>2</INDEXNUMBER>
   <LEDGERNAME>TCS @ 2.5%</LEDGERNAME>
   <VCHLEDGERTYPE>TCS</VCHLEDGERTYPE>
   <ISDEEMEDPOSITIVE>false</ISDEEMEDPOSITIVE>
   <ISPARTYLEDGER>false</ISPARTYLEDGER>
   <AMOUNT>
    <AMOUNT>14446</AMOUNT>
    <CURRENCY>₹</CURRENCY>
    <FOREXSYMBOL>- * -</FOREXSYMBOL>
    <ISDEBIT>false</ISDEBIT>
   </AMOUNT>
  </LEDGERENTRIES.LIST>
  <LEDGERENTRIES.LIST>
   <INDEXNUMBER>3</INDEXNUMBER>
   <LEDGERNAME>Output VAT @ 12.5%</LEDGERNAME>
   <LEDGERTAXTYPE>On VAT Rate</LEDGERTAXTYPE>
   <VCHLEDGERTYPE>VAT</VCHLEDGERTYPE>
   <ISDEEMEDPOSITIVE>false</ISDEEMEDPOSITIVE>
   <ISPARTYLEDGER>false</ISPARTYLEDGER>
   <AMOUNT>
    <AMOUNT>65555.75</AMOUNT>
    <CURRENCY>₹</CURRENCY>
    <FOREXSYMBOL>- * -</FOREXSYMBOL>
    <ISDEBIT>false</ISDEBIT>
   </AMOUNT>
  </LEDGERENTRIES.LIST>
  <ALLINVENTORYENTRIES.LIST>
   <INDEXNUMBER>1</INDEXNUMBER>
   <STOCKITEMNAME>Timber</STOCKITEMNAME>
   <ISSCRAP>false</ISSCRAP>
   <DISCOUNT>0</DISCOUNT>
   <ISDEEMEDPOSITIVE>false</ISDEEMEDPOSITIVE>
   <BASICUSERDESCRIPTION.LIST>
    <BASICUSERDESCRIPTION></BASICUSERDESCRIPTION>
   </BASICUSERDESCRIPTION.LIST>
   <RATE>
    <BASERATE>10200.00</BASERATE>
    <FOREXRATE>10200</FOREXRATE>
    <UNIT>MT</UNIT>
   </RATE>
   <ACTUALQTY>
    <UNIT>MT</UNIT>
    <QUANTITY>50</QUANTITY>
   </ACTUALQTY>
   <BILLEDQTY>
    <UNIT>MT</UNIT>
    <QUANTITY>50</QUANTITY>
   </BILLEDQTY>
   <AMOUNT>
    <AMOUNT>510000</AMOUNT>
    <CURRENCY>₹</CURRENCY>
    <FOREXSYMBOL>- * -</FOREXSYMBOL>
    <ISDEBIT>false</ISDEBIT>
   </AMOUNT>
   <BATCHALLOCATIONS.LIST>
    <TRACKINGNUMBER>Not Applicable</TRACKINGNUMBER>
    <ORDERNO>Not Applicable</ORDERNO>
    <GODOWNNAME>Main Location</GODOWNNAME>
    <BATCHNAME>Primary Batch</BATCHNAME>
    <AMOUNT>
     <AMOUNT>510000</AMOUNT>
     <CURRENCY>₹</CURRENCY>
     <FOREXSYMBOL>- * -</FOREXSYMBOL>
     <ISDEBIT>false</ISDEBIT>
    </AMOUNT>
    <ACTUALQTY>
     <UNIT>MT</UNIT>
     <QUANTITY>50</QUANTITY>
    </ACTUALQTY>
    <BILLEDQTY>
     <UNIT>MT</UNIT>
     <QUANTITY>50</QUANTITY>
    </BILLEDQTY>
   </BATCHALLOCATIONS.LIST>
   <ACCOUNTINGALLOCATIONS.LIST>
    <INDEXNUMBER>1</INDEXNUMBER>
    <LEDGERNAME>Sales @ 12.5%</LEDGERNAME>
    <VCHLEDGERTYPE>Others</VCHLEDGERTYPE>
    <ISDEEMEDPOSITIVE>false</ISDEEMEDPOSITIVE>
    <AMOUNT>
     <AMOUNT>510000</AMOUNT>
     <CURRENCY>₹</CURRENCY>
     <FOREXSYMBOL>- * -</FOREXSYMBOL>
     <ISDEBIT>false</ISDEBIT>
    </AMOUNT>
   </ACCOUNTINGALLOCATIONS.LIST>
  </ALLINVENTORYENTRIES.LIST>
 </VOUCHER>
 <VOUCHER>
  <GUID>52889497-5b6b-403d-8f83-224e3c7759b4-000003b3</GUID>
  <REMOTEALTGUID>52889497-5b6b-403d-8f83-224e3c7759b4</REMOTEALTGUID>
  <MASTERID>947</MASTERID>
  <ALTERID>7056</ALTERID>
  <ENTEREDBY>A</ENTEREDBY>
  <DATE>2010-03-28</DATE>
  <EFFECTIVEDATE>2010-03-28</EFFECTIVEDATE>
  <VOUCHERTYPENAME>Sales</VOUCHERTYPENAME>
  <PERSISTEDVIEW>InvoiceVoucherView</PERSISTEDVIEW>
  <VCHGSTCLASS>Not Applicable</VCHGSTCLASS>
  <ISCOSTCENTRE>false</ISCOSTCENTRE>
  <ISINVOICE>true</ISINVOICE>
  <VOUCHERNUMBER>32</VOUCHERNUMBER>
  <ISOPTIONAL>false</ISOPTIONAL>
  <PARTYNAME>Modern Advertisers</PARTYNAME>
  <VOUCHERNUMBERSERIES>Default</VOUCHERNUMBERSERIES>
  <GSTREGISTRATION>Not Applicable</GSTREGISTRATION>
  <BASICBUYERNAME>Modern Advertisers</BASICBUYERNAME>
  <ISCANCELLED>false</ISCANCELLED>
  <OVRDNEWAYBILLAPPLICABILITY>false</OVRDNEWAYBILLAPPLICABILITY>
  <LEDGERENTRIES.LIST>
   <INDEXNUMBER>1</INDEXNUMBER>
   <LEDGERNAME>Modern Advertisers</LEDGERNAME>
   <VCHLEDGERTYPE>Others</VCHLEDGERTYPE>
   <ISDEEMEDPOSITIVE>true</ISDEEMEDPOSITIVE>
   <ISPARTYLEDGER>true</ISPARTYLEDGER>
   <AMOUNT>
    <AMOUNT>7303.40</AMOUNT>
    <CURRENCY>₹</CURRENCY>
    <FOREXSYMBOL>- * -</FOREXSYMBOL>
    <ISDEBIT>true</ISDEBIT>
   </AMOUNT>
   <BILLALLOCATIONS.LIST>
    <BILLTYPE>NewRef</BILLTYPE>
    <NAME>111</NAME>
    <AMOUNT>
     <AMOUNT>7303.40</AMOUNT>
     <CURRENCY>₹</CURRENCY>
     <FOREXSYMBOL>- * -</FOREXSYMBOL>
     <ISDEBIT>true</ISDEBIT>
    </AMOUNT>
   </BILLALLOCATIONS.LIST>
  </LEDGERENTRIES.LIST>
  <LEDGERENTRIES.LIST>
   <INDEXNUMBER>2</INDEXNUMBER>
   <LEDGERNAME>Sales - Advertising Services</LEDGERNAME>
   <VCHLEDGERTYPE>Others</VCHLEDGERTYPE>
   <ISDEEMEDPOSITIVE>false</ISDEEMEDPOSITIVE>
   <ISPARTYLEDGER>false</ISPARTYLEDGER>
   <AMOUNT>
    <AMOUNT>6500</AMOUNT>
    <CURRENCY>₹</CURRENCY>
    <FOREXSYMBOL>- * -</FOREXSYMBOL>
    <ISDEBIT>false</ISDEBIT>
   </AMOUNT>
   <BILLALLOCATIONS.LIST>
    <BILLTYPE>OnAccount</BILLTYPE>
    <AMOUNT>
     <AMOUNT>6500</AMOUNT>
     <CURRENCY>₹</CURRENCY>
     <FOREXSYMBOL>- * -</FOREXSYMBOL>
     <ISDEBIT>false</ISDEBIT>
    </AMOUNT>
   </BILLALLOCATIONS.LIST>
  </LEDGERENTRIES.LIST>
  <LEDGERENTRIES.LIST>
   <INDEXNUMBER>3</INDEXNUMBER>
   <LEDGERNAME>Output ST - Advt. Services</LEDGERNAME>
   <VCHLEDGERTYPE>Service Tax</VCHLEDGERTYPE>
   <ISDEEMEDPOSITIVE>false</ISDEEMEDPOSITIVE>
   <ISPARTYLEDGER>false</ISPARTYLEDGER>
   <AMOUNT>
    <AMOUNT>803.40</AMOUNT>
    <CURRENCY>₹</CURRENCY>
    <FOREXSYMBOL>- * -</FOREXSYMBOL>
    <ISDEBIT>false</ISDEBIT>
   </AMOUNT>
  </LEDGERENTRIES.LIST>
 </VOUCHER>
 <VOUCHER>
  <GUID>52889497-5b6b-403d-8f83-224e3c7759b4-00001230</GUID>
  <REMOTEALTGUID>52889497-5b6b-403d-8f83-224e3c7759b4</REMOTEALTGUID>
  <MASTERID>4656</MASTERID>
  <ALTERID>7102</ALTERID>
  <ENTEREDBY>A</ENTEREDBY>
  <DATE>2010-03-31</DATE>
  <EFFECTIVEDATE>2010-03-31</EFFECTIVEDATE>
  <REFERENCE>abc</REFERENCE>
  <VOUCHERTYPENAME>Sales</VOUCHERTYPENAME>
  <PERSISTEDVIEW>InvoiceVoucherView</PERSISTEDVIEW>
  <VCHGSTCLASS>Not Applicable</VCHGSTCLASS>
  <ISCOSTCENTRE>false</ISCOSTCENTRE>
  <ISINVOICE>true</ISINVOICE>
  <VOUCHERNUMBER>33</VOUCHERNUMBER>
  <ISOPTIONAL>false</ISOPTIONAL>
  <BASICDUEDATEOFPYMT>60 Days</BASICDUEDATEOFPYMT>
  <PARTYNAME>Amar Computer Peripherals</PARTYNAME>
  <VOUCHERNUMBERSERIES>Default</VOUCHERNUMBERSERIES>
  <GSTREGISTRATION>Not Applicable</GSTREGISTRATION>
  <BASICBUYERNAME>Amar Computer Peripherals</BASICBUYERNAME>
  <ISCANCELLED>false</ISCANCELLED>
  <OVRDNEWAYBILLAPPLICABILITY>false</OVRDNEWAYBILLAPPLICABILITY>
  <LEDGERENTRIES.LIST>
   <INDEXNUMBER>1</INDEXNUMBER>
   <LEDGERNAME>Amar Computer Peripherals</LEDGERNAME>
   <VCHLEDGERTYPE>Others</VCHLEDGERTYPE>
   <ISDEEMEDPOSITIVE>true</ISDEEMEDPOSITIVE>
   <ISPARTYLEDGER>true</ISPARTYLEDGER>
   <AMOUNT>
    <AMOUNT>25000</AMOUNT>
    <CURRENCY>₹</CURRENCY>
    <FOREXSYMBOL>- * -</FOREXSYMBOL>
    <ISDEBIT>true</ISDEBIT>
   </AMOUNT>
   <BILLALLOCATIONS.LIST>
    <BILLTYPE>NewRef</BILLTYPE>
    <NAME>555</NAME>
    <BILLCREDITPERIOD>
     <DUEONDATE>2010-05-30</DUEONDATE>
     <INDAYS>60</INDAYS>
     <INTEXT>60 Days</INTEXT>
    </BILLCREDITPERIOD>
    <AMOUNT>
     <AMOUNT>25000</AMOUNT>
     <CURRENCY>₹</CURRENCY>
     <FOREXSYMBOL>- * -</FOREXSYMBOL>
     <ISDEBIT>true</ISDEBIT>
    </AMOUNT>
   </BILLALLOCATIONS.LIST>
  </LEDGERENTRIES.LIST>
  <ALLINVENTORYENTRIES.LIST>
   <INDEXNUMBER>1</INDEXNUMBER>
   <STOCKITEMNAME>Assembled PIV</STOCKITEMNAME>
   <ISSCRAP>false</ISSCRAP>
   <DISCOUNT>0</DISCOUNT>
   <ISDEEMEDPOSITIVE>false</ISDEEMEDPOSITIVE>
   <BASICUSERDESCRIPTION.LIST>
    <BASICUSERDESCRIPTION></BASICUSERDESCRIPTION>
   </BASICUSERDESCRIPTION.LIST>
   <RATE>
    <BASERATE>25000.00</BASERATE>
    <FOREXRATE>25000</FOREXRATE>
    <UNIT>Nos</UNIT>
   </RATE>
   <ACTUALQTY>
    <UNIT>Nos</UNIT>
    <QUANTITY>1</QUANTITY>
   </ACTUALQTY>
   <BILLEDQTY>
    <UNIT>Nos</UNIT>
    <QUANTITY>1</QUANTITY>
   </BILLEDQTY>
   <AMOUNT>
    <AMOUNT>25000</AMOUNT>
    <CURRENCY>₹</CURRENCY>
    <FOREXSYMBOL>- * -</FOREXSYMBOL>
    <ISDEBIT>false</ISDEBIT>
   </AMOUNT>
   <BATCHALLOCATIONS.LIST>
    <TRACKINGNUMBER>Not Applicable</TRACKINGNUMBER>
    <ORDERNO>Not Applicable</ORDERNO>
    <GODOWNNAME>Assembly Floor</GODOWNNAME>
    <BATCHNAME>Primary Batch</BATCHNAME>
    <AMOUNT>
     <AMOUNT>25000</AMOUNT>
     <CURRENCY>₹</CURRENCY>
     <FOREXSYMBOL>- * -</FOREXSYMBOL>
     <ISDEBIT>false</ISDEBIT>
    </AMOUNT>
    <ACTUALQTY>
     <UNIT>Nos</UNIT>
     <QUANTITY>1</QUANTITY>
    </ACTUALQTY>
    <BILLEDQTY>
     <UNIT>Nos</UNIT>
     <QUANTITY>1</QUANTITY>
    </BILLEDQTY>
   </BATCHALLOCATIONS.LIST>
   <ACCOUNTINGALLOCATIONS.LIST>
    <INDEXNUMBER>1</INDEXNUMBER>
    <LEDGERNAME>Advertisement Charges</LEDGERNAME>
    <VCHLEDGERTYPE>Others</VCHLEDGERTYPE>
    <ISDEEMEDPOSITIVE>false</ISDEEMEDPOSITIVE>
    <AMOUNT>
     <AMOUNT>25000</AMOUNT>
     <CURRENCY>₹</CURRENCY>
     <FOREXSYMBOL>- * -</FOREXSYMBOL>
     <ISDEBIT>false</ISDEBIT>
    </AMOUNT>
   </ACCOUNTINGALLOCATIONS.LIST>
  </ALLINVENTORYENTRIES.LIST>
 </VOUCHER>
 <VOUCHER>
  <GUID>52889497-5b6b-403d-8f83-224e3c7759b4-00001278</GUID>
  <REMOTEALTGUID>52889497-5b6b-403d-8f83-224e3c7759b4</REMOTEALTGUID>
  <MASTERID>4728</MASTERID>
  <ALTERID>7193</ALTERID>
  <ENTEREDBY>A</ENTEREDBY>
  <DATE>2010-04-01</DATE>
  <EFFECTIVEDATE>2010-04-01</EFFECTIVEDATE>
  <REFERENCE>ref123</REFERENCE>
  <VOUCHERTYPENAME>Sales</VOUCHERTYPENAME>
  <PERSISTEDVIEW>InvoiceVoucherView</PERSISTEDVIEW>
  <VCHGSTCLASS>Not Applicable</VCHGSTCLASS>
  <ISCOSTCENTRE>false</ISCOSTCENTRE>
  <ISINVOICE>true</ISINVOICE>
  <VOUCHERNUMBER>1</VOUCHERNUMBER>
  <ISOPTIONAL>false</ISOPTIONAL>
  <NARRATION>Xyz</NARRATION>
  <PARTYNAME>ABC Ltd</PARTYNAME>
  <VOUCHERNUMBERSERIES>Default</VOUCHERNUMBERSERIES>
  <GSTREGISTRATION>Not Applicable</GSTREGISTRATION>
  <BASICBUYERNAME>ABC Ltd</BASICBUYERNAME>
  <ISCANCELLED>false</ISCANCELLED>
  <OVRDNEWAYBILLAPPLICABILITY>false</OVRDNEWAYBILLAPPLICABILITY>
  <LEDGERENTRIES.LIST>
   <INDEXNUMBER>1</INDEXNUMBER>
   <LEDGERNAME>ABC India Pvt. Ltd.</LEDGERNAME>
   <VCHLEDGERTYPE>Others</VCHLEDGERTYPE>
   <ISDEEMEDPOSITIVE>true</ISDEEMEDPOSITIVE>
   <ISPARTYLEDGER>true</ISPARTYLEDGER>
   <AMOUNT>
    <AMOUNT>1250000</AMOUNT>
    <CURRENCY>₹</CURRENCY>
    <FOREXSYMBOL>- * -</FOREXSYMBOL>
    <ISDEBIT>true</ISDEBIT>
   </AMOUNT>
   <BILLALLOCATIONS.LIST>
    <BILLTYPE>AgstRef</BILLTYPE>
    <NAME>1</NAME>
    <AMOUNT>
     <AMOUNT>1250000</AMOUNT>
     <CURRENCY>₹</CURRENCY>
     <FOREXSYMBOL>- * -</FOREXSYMBOL>
     <ISDEBIT>true</ISDEBIT>
    </AMOUNT>
   </BILLALLOCATIONS.LIST>
  </LEDGERENTRIES.LIST>
  <ALLINVENTORYENTRIES.LIST>
   <INDEXNUMBER>1</INDEXNUMBER>
   <STOCKITEMNAME>Assembled PIV</STOCKITEMNAME>
   <ISSCRAP>false</ISSCRAP>
   <DISCOUNT>0</DISCOUNT>
   <ISDEEMEDPOSITIVE>false</ISDEEMEDPOSITIVE>
   <BASICUSERDESCRIPTION.LIST>
    <BASICUSERDESCRIPTION></BASICUSERDESCRIPTION>
   </BASICUSERDESCRIPTION.LIST>
   <RATE>
    <BASERATE>25000.00</BASERATE>
    <FOREXRATE>25000</FOREXRATE>
    <UNIT>Nos</UNIT>
   </RATE>
   <ACTUALQTY>
    <UNIT>Nos</UNIT>
    <QUANTITY>50</QUANTITY>
   </ACTUALQTY>
   <BILLEDQTY>
    <UNIT>Nos</UNIT>
    <QUANTITY>50</QUANTITY>
   </BILLEDQTY>
   <AMOUNT>
    <AMOUNT>1250000</AMOUNT>
    <CURRENCY>₹</CURRENCY>
    <FOREXSYMBOL>- * -</FOREXSYMBOL>
    <ISDEBIT>false</ISDEBIT>
   </AMOUNT>
   <BATCHALLOCATIONS.LIST>
    <TRACKINGNUMBER>Not Applicable</TRACKINGNUMBER>
    <ORDERNO>Not Applicable</ORDERNO>
    <GODOWNNAME>Stores II</GODOWNNAME>
    <BATCHNAME>1</BATCHNAME>
    <AMOUNT>
     <AMOUNT>1250000</AMOUNT>
     <CURRENCY>₹</CURRENCY>
     <FOREXSYMBOL>- * -</FOREXSYMBOL>
     <ISDEBIT>false</ISDEBIT>
    </AMOUNT>
    <ACTUALQTY>
     <UNIT>Nos</UNIT>
     <QUANTITY>50</QUANTITY>
    </ACTUALQTY>
    <BILLEDQTY>
     <UNIT>Nos</UNIT>
     <QUANTITY>50</QUANTITY>
    </BILLEDQTY>
   </BATCHALLOCATIONS.LIST>
   <ACCOUNTINGALLOCATIONS.LIST>
    <INDEXNUMBER>1</INDEXNUMBER>
    <LEDGERNAME>Advertisement Charges</LEDGERNAME>
    <VCHLEDGERTYPE>Others</VCHLEDGERTYPE>
    <ISDEEMEDPOSITIVE>false</ISDEEMEDPOSITIVE>
    <AMOUNT>
     <AMOUNT>1250000</AMOUNT>
     <CURRENCY>₹</CURRENCY>
     <FOREXSYMBOL>- * -</FOREXSYMBOL>
     <ISDEBIT>false</ISDEBIT>
    </AMOUNT>
   </ACCOUNTINGALLOCATIONS.LIST>
  </ALLINVENTORYENTRIES.LIST>
 </VOUCHER>
 <VOUCHER>
  <GUID>52889497-5b6b-403d-8f83-224e3c7759b4-0000126f</GUID>
  <REMOTEALTGUID>52889497-5b6b-403d-8f83-224e3c7759b4</REMOTEALTGUID>
  <MASTERID>4719</MASTERID>
  <ALTERID>7189</ALTERID>
  <ENTEREDBY>A</ENTEREDBY>
  <DATE>2010-04-01</DATE>
  <EFFECTIVEDATE>2010-04-01</EFFECTIVEDATE>
  <VOUCHERTYPENAME>Sales</VOUCHERTYPENAME>
  <PERSISTEDVIEW>InvoiceVoucherView</PERSISTEDVIEW>
  <VCHGSTCLASS>Not Applicable</VCHGSTCLASS>
  <ISCOSTCENTRE>false</ISCOSTCENTRE>
  <ISINVOICE>true</ISINVOICE>
  <VOUCHERNUMBER>2</VOUCHERNUMBER>
  <ISOPTIONAL>false</ISOPTIONAL>
  <NARRATION>Being Assembled PIV Computers sold.</NARRATION>
  <BASICDUEDATEOFPYMT>90 Days</BASICDUEDATEOFPYMT>
  <PARTYNAME>D R D O, Bangalore</PARTYNAME>
  <VOUCHERNUMBERSERIES>Default</VOUCHERNUMBERSERIES>
  <GSTREGISTRATION>Not Applicable</GSTREGISTRATION>
  <BASICBUYERNAME>Worldwide Computers</BASICBUYERNAME>
  <ISCANCELLED>false</ISCANCELLED>
  <OVRDNEWAYBILLAPPLICABILITY>false</OVRDNEWAYBILLAPPLICABILITY>
  <LEDGERENTRIES.LIST>
   <INDEXNUMBER>1</INDEXNUMBER>
   <LEDGERNAME>Worldwide Computers</LEDGERNAME>
   <VCHLEDGERTYPE>Others</VCHLEDGERTYPE>
   <ISDEEMEDPOSITIVE>true</ISDEEMEDPOSITIVE>
   <ISPARTYLEDGER>true</ISPARTYLEDGER>
   <AMOUNT>
    <AMOUNT>652500</AMOUNT>
    <CURRENCY>₹</CURRENCY>
    <FOREXSYMBOL>- * -</FOREXSYMBOL>
    <ISDEBIT>true</ISDEBIT>
   </AMOUNT>
   <BILLALLOCATIONS.LIST>
    <BILLTYPE>NewRef</BILLTYPE>
    <NAME>17</NAME>
    <BILLCREDITPERIOD>
     <DUEONDATE>2010-06-30</DUEONDATE>
     <INDAYS>90</INDAYS>
     <INTEXT>90 Days</INTEXT>
    </BILLCREDITPERIOD>
    <AMOUNT>
     <AMOUNT>652500</AMOUNT>
     <CURRENCY>₹</CURRENCY>
     <FOREXSYMBOL>- * -</FOREXSYMBOL>
     <ISDEBIT>true</ISDEBIT>
    </AMOUNT>
   </BILLALLOCATIONS.LIST>
  </LEDGERENTRIES.LIST>
  <LEDGERENTRIES.LIST>
   <INDEXNUMBER>2</INDEXNUMBER>
   <LEDGERNAME>Transportation &amp; Packaging</LEDGERNAME>
   <VCHLEDGERTYPE>Others</VCHLEDGERTYPE>
   <ISDEEMEDPOSITIVE>false</ISDEEMEDPOSITIVE>
   <ISPARTYLEDGER>false</ISPARTYLEDGER>
   <AMOUNT>
    <AMOUNT>2500</AMOUNT>
    <CURRENCY>₹</CURRENCY>
    <FOREXSYMBOL>- * -</FOREXSYMBOL>
    <ISDEBIT>false</ISDEBIT>
   </AMOUNT>
  </LEDGERENTRIES.LIST>
  <LEDGERENTRIES.LIST>
   <INDEXNUMBER>3</INDEXNUMBER>
   <LEDGERNAME>CST Tax @ 4%</LEDGERNAME>
   <LEDGERTAXTYPE>Sales Tax</LEDGERTAXTYPE>
   <VCHLEDGERTYPE>Others</VCHLEDGERTYPE>
   <ISDEEMEDPOSITIVE>false</ISDEEMEDPOSITIVE>
   <ISPARTYLEDGER>false</ISPARTYLEDGER>
   <AMOUNT>
    <AMOUNT>25000</AMOUNT>
    <CURRENCY>₹</CURRENCY>
    <FOREXSYMBOL>- * -</FOREXSYMBOL>
    <ISDEBIT>false</ISDEBIT>
   </AMOUNT>
  </LEDGERENTRIES.LIST>
  <ALLINVENTORYENTRIES.LIST>
   <INDEXNUMBER>1</INDEXNUMBER>
   <STOCKITEMNAME>Assembled PIV</STOCKITEMNAME>
   <ISSCRAP>false</ISSCRAP>
   <DISCOUNT>0</DISCOUNT>
   <ISDEEMEDPOSITIVE>false</ISDEEMEDPOSITIVE>
   <BASICUSERDESCRIPTION.LIST>
    <BASICUSERDESCRIPTION></BASICUSERDESCRIPTION>
   </BASICUSERDESCRIPTION.LIST>
   <RATE>
    <BASERATE>25000.00</BASERATE>
    <FOREXRATE>25000</FOREXRATE>
    <UNIT>Nos</UNIT>
   </RATE>
   <ACTUALQTY>
    <UNIT>Nos</UNIT>
    <QUANTITY>25</QUANTITY>
   </ACTUALQTY>
   <BILLEDQTY>
    <UNIT>Nos</UNIT>
    <QUANTITY>25</QUANTITY>
   </BILLEDQTY>
   <AMOUNT>
    <AMOUNT>625000</AMOUNT>
    <CURRENCY>₹</CURRENCY>
    <FOREXSYMBOL>- * -</FOREXSYMBOL>
    <ISDEBIT>false</ISDEBIT>
   </AMOUNT>
   <BATCHALLOCATIONS.LIST>
    <TRACKINGNUMBER>Not Applicable</TRACKINGNUMBER>
    <ORDERNO>Not Applicable</ORDERNO>
    <GODOWNNAME>Assembly Floor</GODOWNNAME>
    <BATCHNAME>Primary Batch</BATCHNAME>
    <AMOUNT>
     <AMOUNT>625000</AMOUNT>
     <CURRENCY>₹</CURRENCY>
     <FOREXSYMBOL>- * -</FOREXSYMBOL>
     <ISDEBIT>false</ISDEBIT>
    </AMOUNT>
    <ACTUALQTY>
     <UNIT>Nos</UNIT>
     <QUANTITY>25</QUANTITY>
    </ACTUALQTY>
    <BILLEDQTY>
     <UNIT>Nos</UNIT>
     <QUANTITY>25</QUANTITY>
    </BILLEDQTY>
   </BATCHALLOCATIONS.LIST>
   <ACCOUNTINGALLOCATIONS.LIST>
    <INDEXNUMBER>1</INDEXNUMBER>
    <LEDGERNAME>Interstate Sales @ 4%</LEDGERNAME>
    <LEDGERTAXTYPE>Sales Tax</LEDGERTAXTYPE>
    <VCHLEDGERTYPE>Others</VCHLEDGERTYPE>
    <ISDEEMEDPOSITIVE>false</ISDEEMEDPOSITIVE>
    <AMOUNT>
     <AMOUNT>625000</AMOUNT>
     <CURRENCY>₹</CURRENCY>
     <FOREXSYMBOL>- * -</FOREXSYMBOL>
     <ISDEBIT>false</ISDEBIT>
    </AMOUNT>
   </ACCOUNTINGALLOCATIONS.LIST>
  </ALLINVENTORYENTRIES.LIST>
 </VOUCHER>
 <VOUCHER>
  <GUID>52889497-5b6b-403d-8f83-224e3c7759b4-00001270</GUID>
  <REMOTEALTGUID>52889497-5b6b-403d-8f83-224e3c7759b4</REMOTEALTGUID>
  <MASTERID>4720</MASTERID>
  <ALTERID>7186</ALTERID>
  <ENTEREDBY>A</ENTEREDBY>
  <DATE>2010-04-01</DATE>
  <EFFECTIVEDATE>2010-04-01</EFFECTIVEDATE>
  <REFERENCE>Ref123</REFERENCE>
  <VOUCHERTYPENAME>Sales</VOUCHERTYPENAME>
  <PERSISTEDVIEW>InvoiceVoucherView</PERSISTEDVIEW>
  <VCHGSTCLASS>Not Applicable</VCHGSTCLASS>
  <ISCOSTCENTRE>false</ISCOSTCENTRE>
  <ISINVOICE>true</ISINVOICE>
  <VOUCHERNUMBER>3</VOUCHERNUMBER>
  <ISOPTIONAL>false</ISOPTIONAL>
  <PARTYNAME>Raj &amp; Co</PARTYNAME>
  <VOUCHERNUMBERSERIES>Default</VOUCHERNUMBERSERIES>
  <GSTREGISTRATION>Not Applicable</GSTREGISTRATION>
  <BASICBUYERNAME>Raj &amp; Co</BASICBUYERNAME>
  <ISCANCELLED>false</ISCANCELLED>
  <OVRDNEWAYBILLAPPLICABILITY>false</OVRDNEWAYBILLAPPLICABILITY>
  <LEDGERENTRIES.LIST>
   <INDEXNUMBER>1</INDEXNUMBER>
   <LEDGERNAME>Raj &amp; Co</LEDGERNAME>
   <VCHLEDGERTYPE>Others</VCHLEDGERTYPE>
   <ISDEEMEDPOSITIVE>true</ISDEEMEDPOSITIVE>
   <ISPARTYLEDGER>true</ISPARTYLEDGER>
   <AMOUNT>
    <AMOUNT>1000</AMOUNT>
    <CURRENCY>₹</CURRENCY>
    <FOREXSYMBOL>- * -</FOREXSYMBOL>
    <ISDEBIT>true</ISDEBIT>
   </AMOUNT>
   <BILLALLOCATIONS.LIST>
    <BILLTYPE>NewRef</BILLTYPE>
    <NAME>Sale/101/2010-11</NAME>
    <AMOUNT>
     <AMOUNT>1000</AMOUNT>
     <CURRENCY>₹</CURRENCY>
     <FOREXSYMBOL>- * -</FOREXSYMBOL>
     <ISDEBIT>true</ISDEBIT>
    </AMOUNT>
   </BILLALLOCATIONS.LIST>
  </LEDGERENTRIES.LIST>
  <ALLINVENTORYENTRIES.LIST>
   <INDEXNUMBER>1</INDEXNUMBER>
   <STOCKITEMNAME>Item1</STOCKITEMNAME>
   <ISSCRAP>false</ISSCRAP>
   <DISCOUNT>0</DISCOUNT>
   <ISDEEMEDPOSITIVE>false</ISDEEMEDPOSITIVE>
   <BASICUSERDESCRIPTION.LIST>
    <BASICUSERDESCRIPTION></BASICUSERDESCRIPTION>
   </BASICUSERDESCRIPTION.LIST>
   <RATE>
    <BASERATE>100.00</BASERATE>
    <FOREXRATE>100</FOREXRATE>
    <UNIT>Nos</UNIT>
   </RATE>
   <ACTUALQTY>
    <UNIT>Nos</UNIT>
    <QUANTITY>10</QUANTITY>
   </ACTUALQTY>
   <BILLEDQTY>
    <UNIT>Nos</UNIT>
    <QUANTITY>10</QUANTITY>
   </BILLEDQTY>
   <AMOUNT>
    <AMOUNT>1000</AMOUNT>
    <CURRENCY>₹</CURRENCY>
    <FOREXSYMBOL>- * -</FOREXSYMBOL>
    <ISDEBIT>false</ISDEBIT>
   </AMOUNT>
   <BATCHALLOCATIONS.LIST>
    <TRACKINGNUMBER>Not Applicable</TRACKINGNUMBER>
    <ORDERNO>Not Applicable</ORDERNO>
    <GODOWNNAME>Main Location</GODOWNNAME>
    <BATCHNAME>Test</BATCHNAME>
    <AMOUNT>
     <AMOUNT>1000</AMOUNT>
     <CURRENCY>₹</CURRENCY>
     <FOREXSYMBOL>- * -</FOREXSYMBOL>
     <ISDEBIT>false</ISDEBIT>
    </AMOUNT>
    <ACTUALQTY>
     <UNIT>Nos</UNIT>
     <QUANTITY>10</QUANTITY>
    </ACTUALQTY>
    <BILLEDQTY>
     <UNIT>Nos</UNIT>
     <QUANTITY>10</QUANTITY>
    </BILLEDQTY>
   </BATCHALLOCATIONS.LIST>
   <ACCOUNTINGALLOCATIONS.LIST>
    <INDEXNUMBER>1</INDEXNUMBER>
    <LEDGERNAME>Sales</LEDGERNAME>
    <VCHLEDGERTYPE>Others</VCHLEDGERTYPE>
    <ISDEEMEDPOSITIVE>false</ISDEEMEDPOSITIVE>
    <AMOUNT>
     <AMOUNT>1000</AMOUNT>
     <CURRENCY>₹</CURRENCY>
     <FOREXSYMBOL>- * -</FOREXSYMBOL>
     <ISDEBIT>false</ISDEBIT>
    </AMOUNT>
   </ACCOUNTINGALLOCATIONS.LIST>
  </ALLINVENTORYENTRIES.LIST>
 </VOUCHER>
 <VOUCHER>
  <GUID>52889497-5b6b-403d-8f83-224e3c7759b4-00001271</GUID>
  <REMOTEALTGUID>52889497-5b6b-403d-8f83-224e3c7759b4</REMOTEALTGUID>
  <MASTERID>4721</MASTERID>
  <ALTERID>7187</ALTERID>
  <ENTEREDBY>A</ENTEREDBY>
  <DATE>2010-04-01</DATE>
  <EFFECTIVEDATE>2010-04-01</EFFECTIVEDATE>
  <REFERENCE>ref123</REFERENCE>
  <VOUCHERTYPENAME>Sales</VOUCHERTYPENAME>
  <PERSISTEDVIEW>InvoiceVoucherView</PERSISTEDVIEW>
  <VCHGSTCLASS>Not Applicable</VCHGSTCLASS>
  <ISCOSTCENTRE>false</ISCOSTCENTRE>
  <ISINVOICE>true</ISINVOICE>
  <VOUCHERNUMBER>4</VOUCHERNUMBER>
  <ISOPTIONAL>false</ISOPTIONAL>
  <PARTYNAME>Raj &amp; Co</PARTYNAME>
  <VOUCHERNUMBERSERIES>Default</VOUCHERNUMBERSERIES>
  <GSTREGISTRATION>Not Applicable</GSTREGISTRATION>
  <BASICBUYERNAME>Raj &amp; Co</BASICBUYERNAME>
  <ISCANCELLED>false</ISCANCELLED>
  <OVRDNEWAYBILLAPPLICABILITY>false</OVRDNEWAYBILLAPPLICABILITY>
  <LEDGERENTRIES.LIST>
   <INDEXNUMBER>1</INDEXNUMBER>
   <LEDGERNAME>Raj &amp; Co</LEDGERNAME>
   <VCHLEDGERTYPE>Others</VCHLEDGERTYPE>
   <ISDEEMEDPOSITIVE>true</ISDEEMEDPOSITIVE>
   <ISPARTYLEDGER>true</ISPARTYLEDGER>
   <AMOUNT>
    <AMOUNT>1000</AMOUNT>
    <CURRENCY>₹</CURRENCY>
    <FOREXSYMBOL>- * -</FOREXSYMBOL>
    <ISDEBIT>true</ISDEBIT>
   </AMOUNT>
   <BILLALLOCATIONS.LIST>
    <BILLTYPE>AgstRef</BILLTYPE>
    <NAME>Sale/101/2010-11</NAME>
    <AMOUNT>
     <AMOUNT>1000</AMOUNT>
     <CURRENCY>₹</CURRENCY>
     <FOREXSYMBOL>- * -</FOREXSYMBOL>
     <ISDEBIT>true</ISDEBIT>
    </AMOUNT>
   </BILLALLOCATIONS.LIST>
  </LEDGERENTRIES.LIST>
  <ALLINVENTORYENTRIES.LIST>
   <INDEXNUMBER>1</INDEXNUMBER>
   <STOCKITEMNAME>Item1</STOCKITEMNAME>
   <ISSCRAP>false</ISSCRAP>
   <DISCOUNT>0</DISCOUNT>
   <ISDEEMEDPOSITIVE>false</ISDEEMEDPOSITIVE>
   <BASICUSERDESCRIPTION.LIST>
    <BASICUSERDESCRIPTION></BASICUSERDESCRIPTION>
   </BASICUSERDESCRIPTION.LIST>
   <RATE>
    <BASERATE>100.00</BASERATE>
    <FOREXRATE>100</FOREXRATE>
    <UNIT>Nos</UNIT>
   </RATE>
   <ACTUALQTY>
    <UNIT>Nos</UNIT>
    <QUANTITY>10</QUANTITY>
   </ACTUALQTY>
   <BILLEDQTY>
    <UNIT>Nos</UNIT>
    <QUANTITY>10</QUANTITY>
   </BILLEDQTY>
   <AMOUNT>
    <AMOUNT>1000</AMOUNT>
    <CURRENCY>₹</CURRENCY>
    <FOREXSYMBOL>- * -</FOREXSYMBOL>
    <ISDEBIT>false</ISDEBIT>
   </AMOUNT>
   <BATCHALLOCATIONS.LIST>
    <TRACKINGNUMBER>Not Applicable</TRACKINGNUMBER>
    <ORDERNO>Not Applicable</ORDERNO>
    <GODOWNNAME>Main Location</GODOWNNAME>
    <BATCHNAME>Test</BATCHNAME>
    <AMOUNT>
     <AMOUNT>1000</AMOUNT>
     <CURRENCY>₹</CURRENCY>
     <FOREXSYMBOL>- * -</FOREXSYMBOL>
     <ISDEBIT>false</ISDEBIT>
    </AMOUNT>
    <ACTUALQTY>
     <UNIT>Nos</UNIT>
     <QUANTITY>10</QUANTITY>
    </ACTUALQTY>
    <BILLEDQTY>
     <UNIT>Nos</UNIT>
     <QUANTITY>10</QUANTITY>
    </BILLEDQTY>
   </BATCHALLOCATIONS.LIST>
   <ACCOUNTINGALLOCATIONS.LIST>
    <INDEXNUMBER>1</INDEXNUMBER>
    <LEDGERNAME>Sales</LEDGERNAME>
    <VCHLEDGERTYPE>Others</VCHLEDGERTYPE>
    <ISDEEMEDPOSITIVE>false</ISDEEMEDPOSITIVE>
    <AMOUNT>
     <AMOUNT>1000</AMOUNT>
     <CURRENCY>₹</CURRENCY>
     <FOREXSYMBOL>- * -</FOREXSYMBOL>
     <ISDEBIT>false</ISDEBIT>
    </AMOUNT>
   </ACCOUNTINGALLOCATIONS.LIST>
  </ALLINVENTORYENTRIES.LIST>
 </VOUCHER>
 <VOUCHER>
  <GUID>52889497-5b6b-403d-8f83-224e3c7759b4-00001272</GUID>
  <REMOTEALTGUID>52889497-5b6b-403d-8f83-224e3c7759b4</REMOTEALTGUID>
  <MASTERID>4722</MASTERID>
  <ALTERID>7162</ALTERID>
  <ENTEREDBY>A</ENTEREDBY>
  <DATE>2010-04-02</DATE>
  <EFFECTIVEDATE>2010-04-02</EFFECTIVEDATE>
  <REFERENCE>Sales Test2</REFERENCE>
  <VOUCHERTYPENAME>Sales</VOUCHERTYPENAME>
  <PERSISTEDVIEW>InvoiceVoucherView</PERSISTEDVIEW>
  <VCHGSTCLASS>Not Applicable</VCHGSTCLASS>
  <ISCOSTCENTRE>false</ISCOSTCENTRE>
  <ISINVOICE>true</ISINVOICE>
  <VOUCHERNUMBER>5</VOUCHERNUMBER>
  <ISOPTIONAL>false</ISOPTIONAL>
  <VOUCHERNUMBERSERIES>Default</VOUCHERNUMBERSERIES>
  <GSTREGISTRATION>Not Applicable</GSTREGISTRATION>
  <ISCANCELLED>false</ISCANCELLED>
  <OVRDNEWAYBILLAPPLICABILITY>false</OVRDNEWAYBILLAPPLICABILITY>
  <LEDGERENTRIES.LIST>
   <INDEXNUMBER>1</INDEXNUMBER>
   <LEDGERNAME>Raj &amp; Co</LEDGERNAME>
   <VCHLEDGERTYPE>Others</VCHLEDGERTYPE>
   <ISDEEMEDPOSITIVE>true</ISDEEMEDPOSITIVE>
   <ISPARTYLEDGER>true</ISPARTYLEDGER>
   <AMOUNT>
    <AMOUNT>1000</AMOUNT>
    <CURRENCY>₹</CURRENCY>
    <FOREXSYMBOL>- * -</FOREXSYMBOL>
    <ISDEBIT>true</ISDEBIT>
   </AMOUNT>
   <BILLALLOCATIONS.LIST>
    <BILLTYPE>OnAccount</BILLTYPE>
    <AMOUNT>
     <AMOUNT>1000</AMOUNT>
     <CURRENCY>₹</CURRENCY>
     <FOREXSYMBOL>- * -</FOREXSYMBOL>
     <ISDEBIT>true</ISDEBIT>
    </AMOUNT>
   </BILLALLOCATIONS.LIST>
  </LEDGERENTRIES.LIST>
  <ALLINVENTORYENTRIES.LIST>
   <INDEXNUMBER>1</INDEXNUMBER>
   <STOCKITEMNAME>Item1</STOCKITEMNAME>
   <ISSCRAP>false</ISSCRAP>
   <DISCOUNT>0</DISCOUNT>
   <ISDEEMEDPOSITIVE>false</ISDEEMEDPOSITIVE>
   <BASICUSERDESCRIPTION.LIST>
    <BASICUSERDESCRIPTION></BASICUSERDESCRIPTION>
   </BASICUSERDESCRIPTION.LIST>
   <RATE>
    <BASERATE>100.00</BASERATE>
    <FOREXRATE>100</FOREXRATE>
    <UNIT>Nos</UNIT>
   </RATE>
   <ACTUALQTY>
    <UNIT>Nos</UNIT>
    <QUANTITY>10</QUANTITY>
   </ACTUALQTY>
   <BILLEDQTY>
    <UNIT>Nos</UNIT>
    <QUANTITY>10</QUANTITY>
   </BILLEDQTY>
   <AMOUNT>
    <AMOUNT>1000</AMOUNT>
    <CURRENCY>₹</CURRENCY>
    <FOREXSYMBOL>- * -</FOREXSYMBOL>
    <ISDEBIT>false</ISDEBIT>
   </AMOUNT>
   <BATCHALLOCATIONS.LIST>
    <TRACKINGNUMBER>Not Applicable</TRACKINGNUMBER>
    <ORDERNO>Not Applicable</ORDERNO>
    <GODOWNNAME>Main Location</GODOWNNAME>
    <BATCHNAME>Test</BATCHNAME>
    <AMOUNT>
     <AMOUNT>1000</AMOUNT>
     <CURRENCY>₹</CURRENCY>
     <FOREXSYMBOL>- * -</FOREXSYMBOL>
     <ISDEBIT>false</ISDEBIT>
    </AMOUNT>
    <ACTUALQTY>
     <UNIT>Nos</UNIT>
     <QUANTITY>10</QUANTITY>
    </ACTUALQTY>
    <BILLEDQTY>
     <UNIT>Nos</UNIT>
     <QUANTITY>10</QUANTITY>
    </BILLEDQTY>
   </BATCHALLOCATIONS.LIST>
   <ACCOUNTINGALLOCATIONS.LIST>
    <INDEXNUMBER>1</INDEXNUMBER>
    <LEDGERNAME>Sales</LEDGERNAME>
    <VCHLEDGERTYPE>Others</VCHLEDGERTYPE>
    <ISDEEMEDPOSITIVE>false</ISDEEMEDPOSITIVE>
    <AMOUNT>
     <AMOUNT>1000</AMOUNT>
     <CURRENCY>₹</CURRENCY>
     <FOREXSYMBOL>- * -</FOREXSYMBOL>
     <ISDEBIT>false</ISDEBIT>
    </AMOUNT>
   </ACCOUNTINGALLOCATIONS.LIST>
  </ALLINVENTORYENTRIES.LIST>
 </VOUCHER>
 <VOUCHER>
  <GUID>52889497-5b6b-403d-8f83-224e3c7759b4-00001273</GUID>
  <REMOTEALTGUID>52889497-5b6b-403d-8f83-224e3c7759b4</REMOTEALTGUID>
  <MASTERID>4723</MASTERID>
  <ALTERID>7163</ALTERID>
  <ENTEREDBY>A</ENTEREDBY>
  <DATE>2010-04-02</DATE>
  <EFFECTIVEDATE>2010-04-02</EFFECTIVEDATE>
  <REFERENCE>Sales Test2</REFERENCE>
  <VOUCHERTYPENAME>Sales</VOUCHERTYPENAME>
  <PERSISTEDVIEW>InvoiceVoucherView</PERSISTEDVIEW>
  <VCHGSTCLASS>Not Applicable</VCHGSTCLASS>
  <ISCOSTCENTRE>false</ISCOSTCENTRE>
  <ISINVOICE>true</ISINVOICE>
  <VOUCHERNUMBER>6</VOUCHERNUMBER>
  <ISOPTIONAL>false</ISOPTIONAL>
  <VOUCHERNUMBERSERIES>Default</VOUCHERNUMBERSERIES>
  <GSTREGISTRATION>Not Applicable</GSTREGISTRATION>
  <ISCANCELLED>false</ISCANCELLED>
  <OVRDNEWAYBILLAPPLICABILITY>false</OVRDNEWAYBILLAPPLICABILITY>
  <LEDGERENTRIES.LIST>
   <INDEXNUMBER>1</INDEXNUMBER>
   <LEDGERNAME>Raj &amp; Co</LEDGERNAME>
   <VCHLEDGERTYPE>Others</VCHLEDGERTYPE>
   <ISDEEMEDPOSITIVE>true</ISDEEMEDPOSITIVE>
   <ISPARTYLEDGER>true</ISPARTYLEDGER>
   <AMOUNT>
    <AMOUNT>1000</AMOUNT>
    <CURRENCY>₹</CURRENCY>
    <FOREXSYMBOL>- * -</FOREXSYMBOL>
    <ISDEBIT>true</ISDEBIT>
   </AMOUNT>
   <BILLALLOCATIONS.LIST>
    <BILLTYPE>OnAccount</BILLTYPE>
    <AMOUNT>
     <AMOUNT>1000</AMOUNT>
     <CURRENCY>₹</CURRENCY>
     <FOREXSYMBOL>- * -</FOREXSYMBOL>
     <ISDEBIT>true</ISDEBIT>
    </AMOUNT>
   </BILLALLOCATIONS.LIST>
  </LEDGERENTRIES.LIST>
  <ALLINVENTORYENTRIES.LIST>
   <INDEXNUMBER>1</INDEXNUMBER>
   <STOCKITEMNAME>Item1</STOCKITEMNAME>
   <ISSCRAP>false</ISSCRAP>
   <DISCOUNT>0</DISCOUNT>
   <ISDEEMEDPOSITIVE>false</ISDEEMEDPOSITIVE>
   <BASICUSERDESCRIPTION.LIST>
    <BASICUSERDESCRIPTION></BASICUSERDESCRIPTION>
   </BASICUSERDESCRIPTION.LIST>
   <RATE>
    <BASERATE>100.00</BASERATE>
    <FOREXRATE>100</FOREXRATE>
    <UNIT>Nos</UNIT>
   </RATE>
   <ACTUALQTY>
    <UNIT>Nos</UNIT>
    <QUANTITY>10</QUANTITY>
   </ACTUALQTY>
   <BILLEDQTY>
    <UNIT>Nos</UNIT>
    <QUANTITY>10</QUANTITY>
   </BILLEDQTY>
   <AMOUNT>
    <AMOUNT>1000</AMOUNT>
    <CURRENCY>₹</CURRENCY>
    <FOREXSYMBOL>- * -</FOREXSYMBOL>
    <ISDEBIT>false</ISDEBIT>
   </AMOUNT>
   <BATCHALLOCATIONS.LIST>
    <TRACKINGNUMBER>Not Applicable</TRACKINGNUMBER>
    <ORDERNO>Not Applicable</ORDERNO>
    <GODOWNNAME>Main Location</GODOWNNAME>
    <BATCHNAME>Test</BATCHNAME>
    <AMOUNT>
     <AMOUNT>1000</AMOUNT>
     <CURRENCY>₹</CURRENCY>
     <FOREXSYMBOL>- * -</FOREXSYMBOL>
     <ISDEBIT>false</ISDEBIT>
    </AMOUNT>
    <ACTUALQTY>
     <UNIT>Nos</UNIT>
     <QUANTITY>10</QUANTITY>
    </ACTUALQTY>
    <BILLEDQTY>
     <UNIT>Nos</UNIT>
     <QUANTITY>10</QUANTITY>
    </BILLEDQTY>
   </BATCHALLOCATIONS.LIST>
   <ACCOUNTINGALLOCATIONS.LIST>
    <INDEXNUMBER>1</INDEXNUMBER>
    <LEDGERNAME>Sales</LEDGERNAME>
    <VCHLEDGERTYPE>Others</VCHLEDGERTYPE>
    <ISDEEMEDPOSITIVE>false</ISDEEMEDPOSITIVE>
    <AMOUNT>
     <AMOUNT>1000</AMOUNT>
     <CURRENCY>₹</CURRENCY>
     <FOREXSYMBOL>- * -</FOREXSYMBOL>
     <ISDEBIT>false</ISDEBIT>
    </AMOUNT>
   </ACCOUNTINGALLOCATIONS.LIST>
  </ALLINVENTORYENTRIES.LIST>
 </VOUCHER>
 <VOUCHER>
  <GUID>52889497-5b6b-403d-8f83-224e3c7759b4-00001100</GUID>
  <REMOTEALTGUID>52889497-5b6b-403d-8f83-224e3c7759b4</REMOTEALTGUID>
  <MASTERID>4352</MASTERID>
  <ALTERID>8165</ALTERID>
  <ENTEREDBY>A</ENTEREDBY>
  <DATE>2010-04-04</DATE>
  <EFFECTIVEDATE>2010-04-04</EFFECTIVEDATE>
  <VOUCHERTYPENAME>Sales</VOUCHERTYPENAME>
  <PERSISTEDVIEW>InvoiceVoucherView</PERSISTEDVIEW>
  <VCHGSTCLASS>Not Applicable</VCHGSTCLASS>
  <ISCOSTCENTRE>false</ISCOSTCENTRE>
  <ISINVOICE>true</ISINVOICE>
  <VOUCHERNUMBER>7</VOUCHERNUMBER>
  <ISOPTIONAL>false</ISOPTIONAL>
  <NARRATION>Sales made for wireless keyboard</NARRATION>
  <PARTYNAME>Cash</PARTYNAME>
  <VOUCHERNUMBERSERIES>Default</VOUCHERNUMBERSERIES>
  <GSTREGISTRATION>Not Applicable</GSTREGISTRATION>
  <BASICBUYERNAME>Cash</BASICBUYERNAME>
  <ISCANCELLED>false</ISCANCELLED>
  <OVRDNEWAYBILLAPPLICABILITY>false</OVRDNEWAYBILLAPPLICABILITY>
  <LEDGERENTRIES.LIST>
   <INDEXNUMBER>1</INDEXNUMBER>
   <LEDGERNAME>Cash</LEDGERNAME>
   <VCHLEDGERTYPE>Others</VCHLEDGERTYPE>
   <ISDEEMEDPOSITIVE>true</ISDEEMEDPOSITIVE>
   <ISPARTYLEDGER>true</ISPARTYLEDGER>
   <AMOUNT>
    <AMOUNT>312000</AMOUNT>
    <CURRENCY>₹</CURRENCY>
    <FOREXSYMBOL>- * -</FOREXSYMBOL>
    <ISDEBIT>true</ISDEBIT>
   </AMOUNT>
  </LEDGERENTRIES.LIST>
  <LEDGERENTRIES.LIST>
   <INDEXNUMBER>2</INDEXNUMBER>
   <LEDGERNAME>Output VAT @ 4%</LEDGERNAME>
   <LEDGERTAXTYPE>On VAT Rate</LEDGERTAXTYPE>
   <VCHLEDGERTYPE>VAT</VCHLEDGERTYPE>
   <ISDEEMEDPOSITIVE>false</ISDEEMEDPOSITIVE>
   <ISPARTYLEDGER>false</ISPARTYLEDGER>
   <AMOUNT>
    <AMOUNT>12000</AMOUNT>
    <CURRENCY>₹</CURRENCY>
    <FOREXSYMBOL>- * -</FOREXSYMBOL>
    <ISDEBIT>false</ISDEBIT>
   </AMOUNT>
  </LEDGERENTRIES.LIST>
  <ALLINVENTORYENTRIES.LIST>
   <INDEXNUMBER>1</INDEXNUMBER>
   <STOCKITEMNAME>Wireless Keyboard</STOCKITEMNAME>
   <ISSCRAP>false</ISSCRAP>
   <DISCOUNT>0</DISCOUNT>
   <ISDEEMEDPOSITIVE>false</ISDEEMEDPOSITIVE>
   <BASICUSERDESCRIPTION.LIST>
    <BASICUSERDESCRIPTION></BASICUSERDESCRIPTION>
   </BASICUSERDESCRIPTION.LIST>
   <RATE>
    <BASERATE>10000.00</BASERATE>
    <FOREXRATE>10000</FOREXRATE>
    <UNIT>Nos</UNIT>
   </RATE>
   <ACTUALQTY>
    <UNIT>Nos</UNIT>
    <QUANTITY>30</QUANTITY>
   </ACTUALQTY>
   <BILLEDQTY>
    <UNIT>Nos</UNIT>
    <QUANTITY>30</QUANTITY>
   </BILLEDQTY>
   <AMOUNT>
    <AMOUNT>300000</AMOUNT>
    <CURRENCY>₹</CURRENCY>
    <FOREXSYMBOL>- * -</FOREXSYMBOL>
    <ISDEBIT>false</ISDEBIT>
   </AMOUNT>
   <BATCHALLOCATIONS.LIST>
    <TRACKINGNUMBER>Not Applicable</TRACKINGNUMBER>
    <ORDERNO>Not Applicable</ORDERNO>
    <GODOWNNAME>Stores</GODOWNNAME>
    <BATCHNAME>Primary Batch</BATCHNAME>
    <AMOUNT>
     <AMOUNT>300000</AMOUNT>
     <CURRENCY>₹</CURRENCY>
     <FOREXSYMBOL>- * -</FOREXSYMBOL>
     <ISDEBIT>false</ISDEBIT>
    </AMOUNT>
    <ACTUALQTY>
     <UNIT>Nos</UNIT>
     <QUANTITY>30</QUANTITY>
    </ACTUALQTY>
    <BILLEDQTY>
     <UNIT>Nos</UNIT>
     <QUANTITY>30</QUANTITY>
    </BILLEDQTY>
   </BATCHALLOCATIONS.LIST>
   <ACCOUNTINGALLOCATIONS.LIST>
    <INDEXNUMBER>1</INDEXNUMBER>
    <LEDGERNAME>Cash Sales</LEDGERNAME>
    <VCHLEDGERTYPE>Others</VCHLEDGERTYPE>
    <ISDEEMEDPOSITIVE>false</ISDEEMEDPOSITIVE>
    <AMOUNT>
     <AMOUNT>300000</AMOUNT>
     <CURRENCY>₹</CURRENCY>
     <FOREXSYMBOL>- * -</FOREXSYMBOL>
     <ISDEBIT>false</ISDEBIT>
    </AMOUNT>
   </ACCOUNTINGALLOCATIONS.LIST>
  </ALLINVENTORYENTRIES.LIST>
 </VOUCHER>
 <VOUCHER>
  <GUID>52889497-5b6b-403d-8f83-224e3c7759b4-00001103</GUID>
  <REMOTEALTGUID>52889497-5b6b-403d-8f83-224e3c7759b4</REMOTEALTGUID>
  <MASTERID>4355</MASTERID>
  <ALTERID>8162</ALTERID>
  <ENTEREDBY>A</ENTEREDBY>
  <DATE>2010-04-20</DATE>
  <EFFECTIVEDATE>2010-04-20</EFFECTIVEDATE>
  <VOUCHERTYPENAME>Sales</VOUCHERTYPENAME>
  <PERSISTEDVIEW>InvoiceVoucherView</PERSISTEDVIEW>
  <VCHGSTCLASS>Not Applicable</VCHGSTCLASS>
  <ISCOSTCENTRE>false</ISCOSTCENTRE>
  <ISINVOICE>true</ISINVOICE>
  <VOUCHERNUMBER>8</VOUCHERNUMBER>
  <ISOPTIONAL>false</ISOPTIONAL>
  <PARTYNAME>Cash</PARTYNAME>
  <VOUCHERNUMBERSERIES>Default</VOUCHERNUMBERSERIES>
  <GSTREGISTRATION>Not Applicable</GSTREGISTRATION>
  <BASICBUYERNAME>Cash</BASICBUYERNAME>
  <ISCANCELLED>false</ISCANCELLED>
  <OVRDNEWAYBILLAPPLICABILITY>false</OVRDNEWAYBILLAPPLICABILITY>
  <LEDGERENTRIES.LIST>
   <INDEXNUMBER>1</INDEXNUMBER>
   <LEDGERNAME>Cash</LEDGERNAME>
   <VCHLEDGERTYPE>Others</VCHLEDGERTYPE>
   <ISDEEMEDPOSITIVE>true</ISDEEMEDPOSITIVE>
   <ISPARTYLEDGER>true</ISPARTYLEDGER>
   <AMOUNT>
    <AMOUNT>5200000</AMOUNT>
    <CURRENCY>₹</CURRENCY>
    <FOREXSYMBOL>- * -</FOREXSYMBOL>
    <ISDEBIT>true</ISDEBIT>
   </AMOUNT>
  </LEDGERENTRIES.LIST>
  <LEDGERENTRIES.LIST>
   <INDEXNUMBER>2</INDEXNUMBER>
   <LEDGERNAME>Sales @ 4%</LEDGERNAME>
   <VCHLEDGERTYPE>Others</VCHLEDGERTYPE>
   <ISDEEMEDPOSITIVE>false</ISDEEMEDPOSITIVE>
   <ISPARTYLEDGER>false</ISPARTYLEDGER>
   <AMOUNT>
    <AMOUNT>5000000</AMOUNT>
    <CURRENCY>₹</CURRENCY>
    <FOREXSYMBOL>- * -</FOREXSYMBOL>
    <ISDEBIT>false</ISDEBIT>
   </AMOUNT>
  </LEDGERENTRIES.LIST>
  <LEDGERENTRIES.LIST>
   <INDEXNUMBER>3</INDEXNUMBER>
   <LEDGERNAME>Output VAT @ 4%</LEDGERNAME>
   <LEDGERTAXTYPE>On VAT Rate</LEDGERTAXTYPE>
   <VCHLEDGERTYPE>VAT</VCHLEDGERTYPE>
   <ISDEEMEDPOSITIVE>false</ISDEEMEDPOSITIVE>
   <ISPARTYLEDGER>false</ISPARTYLEDGER>
   <AMOUNT>
    <AMOUNT>200000</AMOUNT>
    <CURRENCY>₹</CURRENCY>
    <FOREXSYMBOL>- * -</FOREXSYMBOL>
    <ISDEBIT>false</ISDEBIT>
   </AMOUNT>
  </LEDGERENTRIES.LIST>
  <ALLINVENTORYENTRIES.LIST>
   <INDEXNUMBER>1</INDEXNUMBER>
   <STOCKITEMNAME>Mother Board</STOCKITEMNAME>
   <ISSCRAP>false</ISSCRAP>
   <DISCOUNT>0</DISCOUNT>
   <ISDEEMEDPOSITIVE>false</ISDEEMEDPOSITIVE>
   <BASICUSERDESCRIPTION.LIST>
    <BASICUSERDESCRIPTION>ABC</BASICUSERDESCRIPTION>
   </BASICUSERDESCRIPTION.LIST>
   <ACTUALQTY>
    <UNIT>Nos</UNIT>
    <QUANTITY>50</QUANTITY>
   </ACTUALQTY>
   <BILLEDQTY>
    <UNIT>Nos</UNIT>
    <QUANTITY>50</QUANTITY>
   </BILLEDQTY>
   <AMOUNT>
    <AMOUNT>0</AMOUNT>
    <CURRENCY>₹</CURRENCY>
    <FOREXSYMBOL></FOREXSYMBOL>
    <ISDEBIT>false</ISDEBIT>
   </AMOUNT>
   <BATCHALLOCATIONS.LIST>
    <TRACKINGNUMBER>Not Applicable</TRACKINGNUMBER>
    <ORDERNO>Not Applicable</ORDERNO>
    <GODOWNNAME>Stores</GODOWNNAME>
    <BATCHNAME>Primary Batch</BATCHNAME>
    <AMOUNT>
     <AMOUNT>0</AMOUNT>
     <CURRENCY>₹</CURRENCY>
     <FOREXSYMBOL></FOREXSYMBOL>
     <ISDEBIT>false</ISDEBIT>
    </AMOUNT>
    <ACTUALQTY>
     <UNIT>Nos</UNIT>
     <QUANTITY>50</QUANTITY>
    </ACTUALQTY>
    <BILLEDQTY>
     <UNIT>Nos</UNIT>
     <QUANTITY>50</QUANTITY>
    </BILLEDQTY>
   </BATCHALLOCATIONS.LIST>
   <ACCOUNTINGALLOCATIONS.LIST>
    <INDEXNUMBER>1</INDEXNUMBER>
    <LEDGERNAME>Cash Sales</LEDGERNAME>
    <VCHLEDGERTYPE>Others</VCHLEDGERTYPE>
    <ISDEEMEDPOSITIVE>false</ISDEEMEDPOSITIVE>
    <AMOUNT>
     <AMOUNT>0</AMOUNT>
     <CURRENCY>₹</CURRENCY>
     <FOREXSYMBOL></FOREXSYMBOL>
     <ISDEBIT>false</ISDEBIT>
    </AMOUNT>
   </ACCOUNTINGALLOCATIONS.LIST>
  </ALLINVENTORYENTRIES.LIST>
 </VOUCHER>
 <VOUCHER>
  <GUID>52889497-5b6b-403d-8f83-224e3c7759b4-0000110c</GUID>
  <REMOTEALTGUID>52889497-5b6b-403d-8f83-224e3c7759b4</REMOTEALTGUID>
  <MASTERID>4364</MASTERID>
  <ALTERID>8161</ALTERID>
  <ENTEREDBY>A</ENTEREDBY>
  <DATE>2010-05-01</DATE>
  <EFFECTIVEDATE>2010-05-01</EFFECTIVEDATE>
  <VOUCHERTYPENAME>Sales</VOUCHERTYPENAME>
  <PERSISTEDVIEW>InvoiceVoucherView</PERSISTEDVIEW>
  <VCHGSTCLASS>Not Applicable</VCHGSTCLASS>
  <ISCOSTCENTRE>false</ISCOSTCENTRE>
  <ISINVOICE>true</ISINVOICE>
  <VOUCHERNUMBER>9</VOUCHERNUMBER>
  <ISOPTIONAL>false</ISOPTIONAL>
  <PARTYNAME>Cash</PARTYNAME>
  <VOUCHERNUMBERSERIES>Default</VOUCHERNUMBERSERIES>
  <GSTREGISTRATION>Not Applicable</GSTREGISTRATION>
  <BASICBUYERNAME>Cash</BASICBUYERNAME>
  <ISCANCELLED>false</ISCANCELLED>
  <OVRDNEWAYBILLAPPLICABILITY>false</OVRDNEWAYBILLAPPLICABILITY>
  <LEDGERENTRIES.LIST>
   <INDEXNUMBER>1</INDEXNUMBER>
   <LEDGERNAME>Cash</LEDGERNAME>
   <VCHLEDGERTYPE>Others</VCHLEDGERTYPE>
   <ISDEEMEDPOSITIVE>true</ISDEEMEDPOSITIVE>
   <ISPARTYLEDGER>true</ISPARTYLEDGER>
   <AMOUNT>
    <AMOUNT>520000</AMOUNT>
    <CURRENCY>₹</CURRENCY>
    <FOREXSYMBOL>- * -</FOREXSYMBOL>
    <ISDEBIT>true</ISDEBIT>
   </AMOUNT>
  </LEDGERENTRIES.LIST>
  <LEDGERENTRIES.LIST>
   <INDEXNUMBER>2</INDEXNUMBER>
   <LEDGERNAME>Output VAT @ 4%</LEDGERNAME>
   <LEDGERTAXTYPE>On VAT Rate</LEDGERTAXTYPE>
   <VCHLEDGERTYPE>VAT</VCHLEDGERTYPE>
   <ISDEEMEDPOSITIVE>false</ISDEEMEDPOSITIVE>
   <ISPARTYLEDGER>false</ISPARTYLEDGER>
   <AMOUNT>
    <AMOUNT>20000</AMOUNT>
    <CURRENCY>₹</CURRENCY>
    <FOREXSYMBOL>- * -</FOREXSYMBOL>
    <ISDEBIT>false</ISDEBIT>
   </AMOUNT>
  </LEDGERENTRIES.LIST>
  <ALLINVENTORYENTRIES.LIST>
   <INDEXNUMBER>1</INDEXNUMBER>
   <STOCKITEMNAME>Mother Board</STOCKITEMNAME>
   <ISSCRAP>false</ISSCRAP>
   <DISCOUNT>0</DISCOUNT>
   <ISDEEMEDPOSITIVE>false</ISDEEMEDPOSITIVE>
   <BASICUSERDESCRIPTION.LIST>
    <BASICUSERDESCRIPTION></BASICUSERDESCRIPTION>
   </BASICUSERDESCRIPTION.LIST>
   <RATE>
    <BASERATE>10000.00</BASERATE>
    <FOREXRATE>10000</FOREXRATE>
    <UNIT>Nos</UNIT>
   </RATE>
   <ACTUALQTY>
    <UNIT>Nos</UNIT>
    <QUANTITY>50</QUANTITY>
   </ACTUALQTY>
   <BILLEDQTY>
    <UNIT>Nos</UNIT>
    <QUANTITY>50</QUANTITY>
   </BILLEDQTY>
   <AMOUNT>
    <AMOUNT>500000</AMOUNT>
    <CURRENCY>₹</CURRENCY>
    <FOREXSYMBOL>- * -</FOREXSYMBOL>
    <ISDEBIT>false</ISDEBIT>
   </AMOUNT>
   <BATCHALLOCATIONS.LIST>
    <TRACKINGNUMBER>Not Applicable</TRACKINGNUMBER>
    <ORDERNO>Not Applicable</ORDERNO>
    <GODOWNNAME>Stores</GODOWNNAME>
    <BATCHNAME>Primary Batch</BATCHNAME>
    <AMOUNT>
     <AMOUNT>500000</AMOUNT>
     <CURRENCY>₹</CURRENCY>
     <FOREXSYMBOL>- * -</FOREXSYMBOL>
     <ISDEBIT>false</ISDEBIT>
    </AMOUNT>
    <ACTUALQTY>
     <UNIT>Nos</UNIT>
     <QUANTITY>50</QUANTITY>
    </ACTUALQTY>
    <BILLEDQTY>
     <UNIT>Nos</UNIT>
     <QUANTITY>50</QUANTITY>
    </BILLEDQTY>
   </BATCHALLOCATIONS.LIST>
   <ACCOUNTINGALLOCATIONS.LIST>
    <INDEXNUMBER>1</INDEXNUMBER>
    <LEDGERNAME>Cash Sales</LEDGERNAME>
    <VCHLEDGERTYPE>Others</VCHLEDGERTYPE>
    <ISDEEMEDPOSITIVE>false</ISDEEMEDPOSITIVE>
    <AMOUNT>
     <AMOUNT>500000</AMOUNT>
     <CURRENCY>₹</CURRENCY>
     <FOREXSYMBOL>- * -</FOREXSYMBOL>
     <ISDEBIT>false</ISDEBIT>
    </AMOUNT>
   </ACCOUNTINGALLOCATIONS.LIST>
  </ALLINVENTORYENTRIES.LIST>
 </VOUCHER>
 <VOUCHER>
  <GUID>52889497-5b6b-403d-8f83-224e3c7759b4-0000110d</GUID>
  <REMOTEALTGUID>52889497-5b6b-403d-8f83-224e3c7759b4</REMOTEALTGUID>
  <MASTERID>4365</MASTERID>
  <ALTERID>8166</ALTERID>
  <ENTEREDBY>A</ENTEREDBY>
  <DATE>2010-05-01</DATE>
  <EFFECTIVEDATE>2010-05-01</EFFECTIVEDATE>
  <VOUCHERTYPENAME>Sales</VOUCHERTYPENAME>
  <PERSISTEDVIEW>InvoiceVoucherView</PERSISTEDVIEW>
  <VCHGSTCLASS>Not Applicable</VCHGSTCLASS>
  <ISCOSTCENTRE>false</ISCOSTCENTRE>
  <ISINVOICE>true</ISINVOICE>
  <VOUCHERNUMBER>10</VOUCHERNUMBER>
  <ISOPTIONAL>false</ISOPTIONAL>
  <PARTYNAME>Cash</PARTYNAME>
  <VOUCHERNUMBERSERIES>Default</VOUCHERNUMBERSERIES>
  <GSTREGISTRATION>Not Applicable</GSTREGISTRATION>
  <BASICBUYERNAME>Cash</BASICBUYERNAME>
  <ISCANCELLED>false</ISCANCELLED>
  <OVRDNEWAYBILLAPPLICABILITY>false</OVRDNEWAYBILLAPPLICABILITY>
  <LEDGERENTRIES.LIST>
   <INDEXNUMBER>1</INDEXNUMBER>
   <LEDGERNAME>Cash</LEDGERNAME>
   <VCHLEDGERTYPE>Others</VCHLEDGERTYPE>
   <ISDEEMEDPOSITIVE>true</ISDEEMEDPOSITIVE>
   <ISPARTYLEDGER>true</ISPARTYLEDGER>
   <AMOUNT>
    <AMOUNT>6240000</AMOUNT>
    <CURRENCY>₹</CURRENCY>
    <FOREXSYMBOL>- * -</FOREXSYMBOL>
    <ISDEBIT>true</ISDEBIT>
   </AMOUNT>
  </LEDGERENTRIES.LIST>
  <LEDGERENTRIES.LIST>
   <INDEXNUMBER>2</INDEXNUMBER>
   <LEDGERNAME>Sales @ 4%</LEDGERNAME>
   <VCHLEDGERTYPE>Others</VCHLEDGERTYPE>
   <ISDEEMEDPOSITIVE>false</ISDEEMEDPOSITIVE>
   <ISPARTYLEDGER>false</ISPARTYLEDGER>
   <AMOUNT>
    <AMOUNT>6000000</AMOUNT>
    <CURRENCY>₹</CURRENCY>
    <FOREXSYMBOL>- * -</FOREXSYMBOL>
    <ISDEBIT>false</ISDEBIT>
   </AMOUNT>
  </LEDGERENTRIES.LIST>
  <LEDGERENTRIES.LIST>
   <INDEXNUMBER>3</INDEXNUMBER>
   <LEDGERNAME>Output VAT @ 4%</LEDGERNAME>
   <LEDGERTAXTYPE>On VAT Rate</LEDGERTAXTYPE>
   <VCHLEDGERTYPE>VAT</VCHLEDGERTYPE>
   <ISDEEMEDPOSITIVE>false</ISDEEMEDPOSITIVE>
   <ISPARTYLEDGER>false</ISPARTYLEDGER>
   <AMOUNT>
    <AMOUNT>240000</AMOUNT>
    <CURRENCY>₹</CURRENCY>
    <FOREXSYMBOL>- * -</FOREXSYMBOL>
    <ISDEBIT>false</ISDEBIT>
   </AMOUNT>
  </LEDGERENTRIES.LIST>
  <ALLINVENTORYENTRIES.LIST>
   <INDEXNUMBER>1</INDEXNUMBER>
   <STOCKITEMNAME>IBM Celeron</STOCKITEMNAME>
   <ISSCRAP>false</ISSCRAP>
   <DISCOUNT>0</DISCOUNT>
   <ISDEEMEDPOSITIVE>false</ISDEEMEDPOSITIVE>
   <BASICUSERDESCRIPTION.LIST>
    <BASICUSERDESCRIPTION></BASICUSERDESCRIPTION>
   </BASICUSERDESCRIPTION.LIST>
   <ACTUALQTY>
    <UNIT>Nos</UNIT>
    <QUANTITY>100</QUANTITY>
   </ACTUALQTY>
   <BILLEDQTY>
    <UNIT>Nos</UNIT>
    <QUANTITY>100</QUANTITY>
   </BILLEDQTY>
   <AMOUNT>
    <AMOUNT>0</AMOUNT>
    <CURRENCY>₹</CURRENCY>
    <FOREXSYMBOL></FOREXSYMBOL>
    <ISDEBIT>false</ISDEBIT>
   </AMOUNT>
   <BATCHALLOCATIONS.LIST>
    <TRACKINGNUMBER>Not Applicable</TRACKINGNUMBER>
    <ORDERNO>Not Applicable</ORDERNO>
    <GODOWNNAME>Main Location</GODOWNNAME>
    <BATCHNAME>Primary Batch</BATCHNAME>
    <AMOUNT>
     <AMOUNT>0</AMOUNT>
     <CURRENCY>₹</CURRENCY>
     <FOREXSYMBOL></FOREXSYMBOL>
     <ISDEBIT>false</ISDEBIT>
    </AMOUNT>
    <ACTUALQTY>
     <UNIT>Nos</UNIT>
     <QUANTITY>100</QUANTITY>
    </ACTUALQTY>
    <BILLEDQTY>
     <UNIT>Nos</UNIT>
     <QUANTITY>100</QUANTITY>
    </BILLEDQTY>
   </BATCHALLOCATIONS.LIST>
   <ACCOUNTINGALLOCATIONS.LIST>
    <INDEXNUMBER>1</INDEXNUMBER>
    <LEDGERNAME>Cash Sales</LEDGERNAME>
    <VCHLEDGERTYPE>Others</VCHLEDGERTYPE>
    <ISDEEMEDPOSITIVE>false</ISDEEMEDPOSITIVE>
    <AMOUNT>
     <AMOUNT>0</AMOUNT>
     <CURRENCY>₹</CURRENCY>
     <FOREXSYMBOL></FOREXSYMBOL>
     <ISDEBIT>false</ISDEBIT>
    </AMOUNT>
   </ACCOUNTINGALLOCATIONS.LIST>
  </ALLINVENTORYENTRIES.LIST>
 </VOUCHER>
 <VOUCHER>
  <GUID>52889497-5b6b-403d-8f83-224e3c7759b4-00001116</GUID>
  <REMOTEALTGUID>52889497-5b6b-403d-8f83-224e3c7759b4</REMOTEALTGUID>
  <MASTERID>4374</MASTERID>
  <ALTERID>8164</ALTERID>
  <ENTEREDBY>A</ENTEREDBY>
  <DATE>2010-05-10</DATE>
  <EFFECTIVEDATE>2010-05-10</EFFECTIVEDATE>
  <VOUCHERTYPENAME>Sales</VOUCHERTYPENAME>
  <PERSISTEDVIEW>InvoiceVoucherView</PERSISTEDVIEW>
  <VCHGSTCLASS>Not Applicable</VCHGSTCLASS>
  <ISCOSTCENTRE>false</ISCOSTCENTRE>
  <ISINVOICE>true</ISINVOICE>
  <VOUCHERNUMBER>11</VOUCHERNUMBER>
  <ISOPTIONAL>false</ISOPTIONAL>
  <PARTYNAME>Cash</PARTYNAME>
  <VOUCHERNUMBERSERIES>Default</VOUCHERNUMBERSERIES>
  <GSTREGISTRATION>Not Applicable</GSTREGISTRATION>
  <BASICBUYERNAME>Cash</BASICBUYERNAME>
  <ISCANCELLED>false</ISCANCELLED>
  <OVRDNEWAYBILLAPPLICABILITY>false</OVRDNEWAYBILLAPPLICABILITY>
  <LEDGERENTRIES.LIST>
   <INDEXNUMBER>1</INDEXNUMBER>
   <LEDGERNAME>Cash</LEDGERNAME>
   <VCHLEDGERTYPE>Others</VCHLEDGERTYPE>
   <ISDEEMEDPOSITIVE>true</ISDEEMEDPOSITIVE>
   <ISPARTYLEDGER>true</ISPARTYLEDGER>
   <AMOUNT>
    <AMOUNT>520000</AMOUNT>
    <CURRENCY>₹</CURRENCY>
    <FOREXSYMBOL>- * -</FOREXSYMBOL>
    <ISDEBIT>true</ISDEBIT>
   </AMOUNT>
  </LEDGERENTRIES.LIST>
  <LEDGERENTRIES.LIST>
   <INDEXNUMBER>2</INDEXNUMBER>
   <LEDGERNAME>Output VAT @ 4%</LEDGERNAME>
   <LEDGERTAXTYPE>On VAT Rate</LEDGERTAXTYPE>
   <VCHLEDGERTYPE>VAT</VCHLEDGERTYPE>
   <ISDEEMEDPOSITIVE>false</ISDEEMEDPOSITIVE>
   <ISPARTYLEDGER>false</ISPARTYLEDGER>
   <AMOUNT>
    <AMOUNT>20000</AMOUNT>
    <CURRENCY>₹</CURRENCY>
    <FOREXSYMBOL>- * -</FOREXSYMBOL>
    <ISDEBIT>false</ISDEBIT>
   </AMOUNT>
  </LEDGERENTRIES.LIST>
  <ALLINVENTORYENTRIES.LIST>
   <INDEXNUMBER>1</INDEXNUMBER>
   <STOCKITEMNAME>Pentium - IV Processor</STOCKITEMNAME>
   <ISSCRAP>false</ISSCRAP>
   <DISCOUNT>0</DISCOUNT>
   <ISDEEMEDPOSITIVE>false</ISDEEMEDPOSITIVE>
   <BASICUSERDESCRIPTION.LIST>
    <BASICUSERDESCRIPTION></BASICUSERDESCRIPTION>
   </BASICUSERDESCRIPTION.LIST>
   <RATE>
    <BASERATE>10000.00</BASERATE>
    <FOREXRATE>10000</FOREXRATE>
    <UNIT>Nos</UNIT>
   </RATE>
   <ACTUALQTY>
    <UNIT>Nos</UNIT>
    <QUANTITY>50</QUANTITY>
   </ACTUALQTY>
   <BILLEDQTY>
    <UNIT>Nos</UNIT>
    <QUANTITY>50</QUANTITY>
   </BILLEDQTY>
   <AMOUNT>
    <AMOUNT>500000</AMOUNT>
    <CURRENCY>₹</CURRENCY>
    <FOREXSYMBOL>- * -</FOREXSYMBOL>
    <ISDEBIT>false</ISDEBIT>
   </AMOUNT>
   <BATCHALLOCATIONS.LIST>
    <TRACKINGNUMBER>Not Applicable</TRACKINGNUMBER>
    <ORDERNO>Not Applicable</ORDERNO>
    <GODOWNNAME>Stores</GODOWNNAME>
    <BATCHNAME>Primary Batch</BATCHNAME>
    <AMOUNT>
     <AMOUNT>500000</AMOUNT>
     <CURRENCY>₹</CURRENCY>
     <FOREXSYMBOL>- * -</FOREXSYMBOL>
     <ISDEBIT>false</ISDEBIT>
    </AMOUNT>
    <ACTUALQTY>
     <UNIT>Nos</UNIT>
     <QUANTITY>50</QUANTITY>
    </ACTUALQTY>
    <BILLEDQTY>
     <UNIT>Nos</UNIT>
     <QUANTITY>50</QUANTITY>
    </BILLEDQTY>
   </BATCHALLOCATIONS.LIST>
   <ACCOUNTINGALLOCATIONS.LIST>
    <INDEXNUMBER>1</INDEXNUMBER>
    <LEDGERNAME>Cash Sales</LEDGERNAME>
    <VCHLEDGERTYPE>Others</VCHLEDGERTYPE>
    <ISDEEMEDPOSITIVE>false</ISDEEMEDPOSITIVE>
    <AMOUNT>
     <AMOUNT>500000</AMOUNT>
     <CURRENCY>₹</CURRENCY>
     <FOREXSYMBOL>- * -</FOREXSYMBOL>
     <ISDEBIT>false</ISDEBIT>
    </AMOUNT>
   </ACCOUNTINGALLOCATIONS.LIST>
  </ALLINVENTORYENTRIES.LIST>
 </VOUCHER>
 <VOUCHER>
  <GUID>52889497-5b6b-403d-8f83-224e3c7759b4-0000124b</GUID>
  <REMOTEALTGUID>52889497-5b6b-403d-8f83-224e3c7759b4</REMOTEALTGUID>
  <MASTERID>4683</MASTERID>
  <ALTERID>7130</ALTERID>
  <ENTEREDBY>A</ENTEREDBY>
  <DATE>2010-05-31</DATE>
  <EFFECTIVEDATE>2010-05-31</EFFECTIVEDATE>
  <VOUCHERTYPENAME>Sales</VOUCHERTYPENAME>
  <PERSISTEDVIEW>InvoiceVoucherView</PERSISTEDVIEW>
  <VCHGSTCLASS>Not Applicable</VCHGSTCLASS>
  <ISCOSTCENTRE>false</ISCOSTCENTRE>
  <ISINVOICE>true</ISINVOICE>
  <VOUCHERNUMBER>12</VOUCHERNUMBER>
  <ISOPTIONAL>false</ISOPTIONAL>
  <PARTYNAME>Party B</PARTYNAME>
  <VOUCHERNUMBERSERIES>Default</VOUCHERNUMBERSERIES>
  <GSTREGISTRATION>Not Applicable</GSTREGISTRATION>
  <BASICBUYERNAME>Party B</BASICBUYERNAME>
  <ISCANCELLED>false</ISCANCELLED>
  <OVRDNEWAYBILLAPPLICABILITY>false</OVRDNEWAYBILLAPPLICABILITY>
  <LEDGERENTRIES.LIST>
   <INDEXNUMBER>1</INDEXNUMBER>
   <LEDGERNAME>Party B</LEDGERNAME>
   <VCHLEDGERTYPE>Others</VCHLEDGERTYPE>
   <ISDEEMEDPOSITIVE>true</ISDEEMEDPOSITIVE>
   <ISPARTYLEDGER>true</ISPARTYLEDGER>
   <AMOUNT>
    <AMOUNT>250000</AMOUNT>
    <CURRENCY>₹</CURRENCY>
    <FOREXSYMBOL>- * -</FOREXSYMBOL>
    <ISDEBIT>true</ISDEBIT>
   </AMOUNT>
  </LEDGERENTRIES.LIST>
  <ALLINVENTORYENTRIES.LIST>
   <INDEXNUMBER>1</INDEXNUMBER>
   <STOCKITEMNAME>Assembled PIV</STOCKITEMNAME>
   <ISSCRAP>false</ISSCRAP>
   <DISCOUNT>0</DISCOUNT>
   <ISDEEMEDPOSITIVE>false</ISDEEMEDPOSITIVE>
   <BASICUSERDESCRIPTION.LIST>
    <BASICUSERDESCRIPTION></BASICUSERDESCRIPTION>
   </BASICUSERDESCRIPTION.LIST>
   <RATE>
    <BASERATE>25000.00</BASERATE>
    <FOREXRATE>25000</FOREXRATE>
    <UNIT>Nos</UNIT>
   </RATE>
   <ACTUALQTY>
    <UNIT>Nos</UNIT>
    <QUANTITY>10</QUANTITY>
   </ACTUALQTY>
   <BILLEDQTY>
    <UNIT>Nos</UNIT>
    <QUANTITY>10</QUANTITY>
   </BILLEDQTY>
   <AMOUNT>
    <AMOUNT>250000</AMOUNT>
    <CURRENCY>₹</CURRENCY>
    <FOREXSYMBOL>- * -</FOREXSYMBOL>
    <ISDEBIT>false</ISDEBIT>
   </AMOUNT>
   <BATCHALLOCATIONS.LIST>
    <TRACKINGNUMBER>Not Applicable</TRACKINGNUMBER>
    <ORDERNO>Not Applicable</ORDERNO>
    <GODOWNNAME>Assembly Floor</GODOWNNAME>
    <BATCHNAME>Primary Batch</BATCHNAME>
    <AMOUNT>
     <AMOUNT>250000</AMOUNT>
     <CURRENCY>₹</CURRENCY>
     <FOREXSYMBOL>- * -</FOREXSYMBOL>
     <ISDEBIT>false</ISDEBIT>
    </AMOUNT>
    <ACTUALQTY>
     <UNIT>Nos</UNIT>
     <QUANTITY>10</QUANTITY>
    </ACTUALQTY>
    <BILLEDQTY>
     <UNIT>Nos</UNIT>
     <QUANTITY>10</QUANTITY>
    </BILLEDQTY>
   </BATCHALLOCATIONS.LIST>
   <ACCOUNTINGALLOCATIONS.LIST>
    <INDEXNUMBER>1</INDEXNUMBER>
    <LEDGERNAME>Sales</LEDGERNAME>
    <VCHLEDGERTYPE>Others</VCHLEDGERTYPE>
    <ISDEEMEDPOSITIVE>false</ISDEEMEDPOSITIVE>
    <AMOUNT>
     <AMOUNT>250000</AMOUNT>
     <CURRENCY>₹</CURRENCY>
     <FOREXSYMBOL>- * -</FOREXSYMBOL>
     <ISDEBIT>false</ISDEBIT>
    </AMOUNT>
   </ACCOUNTINGALLOCATIONS.LIST>
  </ALLINVENTORYENTRIES.LIST>
 </VOUCHER>
 <VOUCHER>
  <GUID>52889497-5b6b-403d-8f83-224e3c7759b4-0000124c</GUID>
  <REMOTEALTGUID>52889497-5b6b-403d-8f83-224e3c7759b4</REMOTEALTGUID>
  <MASTERID>4684</MASTERID>
  <ALTERID>7131</ALTERID>
  <ENTEREDBY>A</ENTEREDBY>
  <DATE>2010-05-31</DATE>
  <EFFECTIVEDATE>2010-05-31</EFFECTIVEDATE>
  <VOUCHERTYPENAME>Sales</VOUCHERTYPENAME>
  <PERSISTEDVIEW>InvoiceVoucherView</PERSISTEDVIEW>
  <VCHGSTCLASS>Not Applicable</VCHGSTCLASS>
  <ISCOSTCENTRE>false</ISCOSTCENTRE>
  <ISINVOICE>true</ISINVOICE>
  <VOUCHERNUMBER>13</VOUCHERNUMBER>
  <ISOPTIONAL>false</ISOPTIONAL>
  <BASICDUEDATEOFPYMT>60 Days</BASICDUEDATEOFPYMT>
  <PARTYNAME>ABC Ltd</PARTYNAME>
  <VOUCHERNUMBERSERIES>Default</VOUCHERNUMBERSERIES>
  <GSTREGISTRATION>Not Applicable</GSTREGISTRATION>
  <BASICBUYERNAME>All India Computer Institute</BASICBUYERNAME>
  <ISCANCELLED>false</ISCANCELLED>
  <OVRDNEWAYBILLAPPLICABILITY>false</OVRDNEWAYBILLAPPLICABILITY>
  <LEDGERENTRIES.LIST>
   <INDEXNUMBER>1</INDEXNUMBER>
   <LEDGERNAME>All India Computer Institute</LEDGERNAME>
   <VCHLEDGERTYPE>Others</VCHLEDGERTYPE>
   <ISDEEMEDPOSITIVE>true</ISDEEMEDPOSITIVE>
   <ISPARTYLEDGER>true</ISPARTYLEDGER>
   <AMOUNT>
    <AMOUNT>150000</AMOUNT>
    <CURRENCY>₹</CURRENCY>
    <FOREXSYMBOL>- * -</FOREXSYMBOL>
    <ISDEBIT>true</ISDEBIT>
   </AMOUNT>
   <BILLALLOCATIONS.LIST>
    <BILLTYPE>AgstRef</BILLTYPE>
    <NAME>103</NAME>
    <BILLCREDITPERIOD>
     <DUEONDATE>2009-07-30</DUEONDATE>
     <INDAYS>60</INDAYS>
     <INTEXT>60 Days</INTEXT>
    </BILLCREDITPERIOD>
    <AMOUNT>
     <AMOUNT>150000</AMOUNT>
     <CURRENCY>₹</CURRENCY>
     <FOREXSYMBOL>- * -</FOREXSYMBOL>
     <ISDEBIT>true</ISDEBIT>
    </AMOUNT>
   </BILLALLOCATIONS.LIST>
  </LEDGERENTRIES.LIST>
  <ALLINVENTORYENTRIES.LIST>
   <INDEXNUMBER>1</INDEXNUMBER>
   <STOCKITEMNAME>Assembled PIV</STOCKITEMNAME>
   <ISSCRAP>false</ISSCRAP>
   <DISCOUNT>0</DISCOUNT>
   <ISDEEMEDPOSITIVE>false</ISDEEMEDPOSITIVE>
   <BASICUSERDESCRIPTION.LIST>
    <BASICUSERDESCRIPTION>Desc1</BASICUSERDESCRIPTION>
    <BASICUSERDESCRIPTION>Desc2</BASICUSERDESCRIPTION>
    <BASICUSERDESCRIPTION>Desc3</BASICUSERDESCRIPTION>
    <BASICUSERDESCRIPTION>Desc4</BASICUSERDESCRIPTION>
   </BASICUSERDESCRIPTION.LIST>
   <RATE>
    <BASERATE>15000.00</BASERATE>
    <FOREXRATE>15000</FOREXRATE>
    <UNIT>Nos</UNIT>
   </RATE>
   <ACTUALQTY>
    <UNIT>Nos</UNIT>
    <QUANTITY>10</QUANTITY>
   </ACTUALQTY>
   <BILLEDQTY>
    <UNIT>Nos</UNIT>
    <QUANTITY>10</QUANTITY>
   </BILLEDQTY>
   <AMOUNT>
    <AMOUNT>150000</AMOUNT>
    <CURRENCY>₹</CURRENCY>
    <FOREXSYMBOL>- * -</FOREXSYMBOL>
    <ISDEBIT>false</ISDEBIT>
   </AMOUNT>
   <BATCHALLOCATIONS.LIST>
    <TRACKINGNUMBER>Not Applicable</TRACKINGNUMBER>
    <ORDERNO>Not Applicable</ORDERNO>
    <GODOWNNAME>Stores II</GODOWNNAME>
    <BATCHNAME>Primary Batch</BATCHNAME>
    <AMOUNT>
     <AMOUNT>150000</AMOUNT>
     <CURRENCY>₹</CURRENCY>
     <FOREXSYMBOL>- * -</FOREXSYMBOL>
     <ISDEBIT>false</ISDEBIT>
    </AMOUNT>
    <ACTUALQTY>
     <UNIT>Nos</UNIT>
     <QUANTITY>10</QUANTITY>
    </ACTUALQTY>
    <BILLEDQTY>
     <UNIT>Nos</UNIT>
     <QUANTITY>10</QUANTITY>
    </BILLEDQTY>
   </BATCHALLOCATIONS.LIST>
   <ACCOUNTINGALLOCATIONS.LIST>
    <INDEXNUMBER>1</INDEXNUMBER>
    <LEDGERNAME>Cash Sales</LEDGERNAME>
    <VCHLEDGERTYPE>Others</VCHLEDGERTYPE>
    <ISDEEMEDPOSITIVE>false</ISDEEMEDPOSITIVE>
    <AMOUNT>
     <AMOUNT>150000</AMOUNT>
     <CURRENCY>₹</CURRENCY>
     <FOREXSYMBOL>- * -</FOREXSYMBOL>
     <ISDEBIT>false</ISDEBIT>
    </AMOUNT>
   </ACCOUNTINGALLOCATIONS.LIST>
  </ALLINVENTORYENTRIES.LIST>
 </VOUCHER>
 <VOUCHER>
  <GUID>52889497-5b6b-403d-8f83-224e3c7759b4-0000124d</GUID>
  <REMOTEALTGUID>52889497-5b6b-403d-8f83-224e3c7759b4</REMOTEALTGUID>
  <MASTERID>4685</MASTERID>
  <ALTERID>7132</ALTERID>
  <ENTEREDBY>A</ENTEREDBY>
  <DATE>2010-05-31</DATE>
  <EFFECTIVEDATE>2010-05-31</EFFECTIVEDATE>
  <VOUCHERTYPENAME>Sales</VOUCHERTYPENAME>
  <PERSISTEDVIEW>InvoiceVoucherView</PERSISTEDVIEW>
  <VCHGSTCLASS>Not Applicable</VCHGSTCLASS>
  <ISCOSTCENTRE>false</ISCOSTCENTRE>
  <ISINVOICE>true</ISINVOICE>
  <VOUCHERNUMBER>14</VOUCHERNUMBER>
  <ISOPTIONAL>false</ISOPTIONAL>
  <PARTYNAME>ABC Ltd</PARTYNAME>
  <VOUCHERNUMBERSERIES>Default</VOUCHERNUMBERSERIES>
  <GSTREGISTRATION>Not Applicable</GSTREGISTRATION>
  <BASICBUYERNAME>ABC Ltd</BASICBUYERNAME>
  <ISCANCELLED>false</ISCANCELLED>
  <OVRDNEWAYBILLAPPLICABILITY>false</OVRDNEWAYBILLAPPLICABILITY>
  <LEDGERENTRIES.LIST>
   <INDEXNUMBER>1</INDEXNUMBER>
   <LEDGERNAME>ABC India Pvt. Ltd.</LEDGERNAME>
   <VCHLEDGERTYPE>Others</VCHLEDGERTYPE>
   <ISDEEMEDPOSITIVE>true</ISDEEMEDPOSITIVE>
   <ISPARTYLEDGER>true</ISPARTYLEDGER>
   <AMOUNT>
    <AMOUNT>25000</AMOUNT>
    <CURRENCY>₹</CURRENCY>
    <FOREXSYMBOL>- * -</FOREXSYMBOL>
    <ISDEBIT>true</ISDEBIT>
   </AMOUNT>
   <BILLALLOCATIONS.LIST>
    <BILLTYPE>AgstRef</BILLTYPE>
    <NAME>104</NAME>
    <AMOUNT>
     <AMOUNT>25000</AMOUNT>
     <CURRENCY>₹</CURRENCY>
     <FOREXSYMBOL>- * -</FOREXSYMBOL>
     <ISDEBIT>true</ISDEBIT>
    </AMOUNT>
   </BILLALLOCATIONS.LIST>
  </LEDGERENTRIES.LIST>
  <ALLINVENTORYENTRIES.LIST>
   <INDEXNUMBER>1</INDEXNUMBER>
   <STOCKITEMNAME>Assembled PIV</STOCKITEMNAME>
   <ISSCRAP>false</ISSCRAP>
   <DISCOUNT>0</DISCOUNT>
   <ISDEEMEDPOSITIVE>false</ISDEEMEDPOSITIVE>
   <BASICUSERDESCRIPTION.LIST>
    <BASICUSERDESCRIPTION></BASICUSERDESCRIPTION>
   </BASICUSERDESCRIPTION.LIST>
   <RATE>
    <BASERATE>25000.00</BASERATE>
    <FOREXRATE>25000</FOREXRATE>
    <UNIT>Nos</UNIT>
   </RATE>
   <ACTUALQTY>
    <UNIT>Nos</UNIT>
    <QUANTITY>1</QUANTITY>
   </ACTUALQTY>
   <BILLEDQTY>
    <UNIT>Nos</UNIT>
    <QUANTITY>1</QUANTITY>
   </BILLEDQTY>
   <AMOUNT>
    <AMOUNT>25000</AMOUNT>
    <CURRENCY>₹</CURRENCY>
    <FOREXSYMBOL>- * -</FOREXSYMBOL>
    <ISDEBIT>false</ISDEBIT>
   </AMOUNT>
   <BATCHALLOCATIONS.LIST>
    <TRACKINGNUMBER>Not Applicable</TRACKINGNUMBER>
    <ORDERNO>Not Applicable</ORDERNO>
    <GODOWNNAME>Stores II</GODOWNNAME>
    <BATCHNAME>Primary Batch</BATCHNAME>
    <AMOUNT>
     <AMOUNT>25000</AMOUNT>
     <CURRENCY>₹</CURRENCY>
     <FOREXSYMBOL>- * -</FOREXSYMBOL>
     <ISDEBIT>false</ISDEBIT>
    </AMOUNT>
    <ACTUALQTY>
     <UNIT>Nos</UNIT>
     <QUANTITY>1</QUANTITY>
    </ACTUALQTY>
    <BILLEDQTY>
     <UNIT>Nos</UNIT>
     <QUANTITY>1</QUANTITY>
    </BILLEDQTY>
   </BATCHALLOCATIONS.LIST>
   <ACCOUNTINGALLOCATIONS.LIST>
    <INDEXNUMBER>1</INDEXNUMBER>
    <LEDGERNAME>Cash Sales</LEDGERNAME>
    <VCHLEDGERTYPE>Others</VCHLEDGERTYPE>
    <ISDEEMEDPOSITIVE>false</ISDEEMEDPOSITIVE>
    <AMOUNT>
     <AMOUNT>25000</AMOUNT>
     <CURRENCY>₹</CURRENCY>
     <FOREXSYMBOL>- * -</FOREXSYMBOL>
     <ISDEBIT>false</ISDEBIT>
    </AMOUNT>
   </ACCOUNTINGALLOCATIONS.LIST>
  </ALLINVENTORYENTRIES.LIST>
 </VOUCHER>
 <VOUCHER>
  <GUID>52889497-5b6b-403d-8f83-224e3c7759b4-0000124e</GUID>
  <REMOTEALTGUID>52889497-5b6b-403d-8f83-224e3c7759b4</REMOTEALTGUID>
  <MASTERID>4686</MASTERID>
  <ALTERID>7133</ALTERID>
  <ENTEREDBY>A</ENTEREDBY>
  <DATE>2010-05-31</DATE>
  <EFFECTIVEDATE>2010-05-31</EFFECTIVEDATE>
  <VOUCHERTYPENAME>Sales</VOUCHERTYPENAME>
  <PERSISTEDVIEW>InvoiceVoucherView</PERSISTEDVIEW>
  <VCHGSTCLASS>Not Applicable</VCHGSTCLASS>
  <ISCOSTCENTRE>false</ISCOSTCENTRE>
  <ISINVOICE>true</ISINVOICE>
  <VOUCHERNUMBER>15</VOUCHERNUMBER>
  <ISOPTIONAL>false</ISOPTIONAL>
  <PARTYNAME>Adview Consultants</PARTYNAME>
  <VOUCHERNUMBERSERIES>Default</VOUCHERNUMBERSERIES>
  <GSTREGISTRATION>Not Applicable</GSTREGISTRATION>
  <BASICBUYERNAME>Adview Consultants</BASICBUYERNAME>
  <ISCANCELLED>false</ISCANCELLED>
  <OVRDNEWAYBILLAPPLICABILITY>false</OVRDNEWAYBILLAPPLICABILITY>
  <LEDGERENTRIES.LIST>
   <INDEXNUMBER>1</INDEXNUMBER>
   <LEDGERNAME>Adview Consultants</LEDGERNAME>
   <VCHLEDGERTYPE>Others</VCHLEDGERTYPE>
   <ISDEEMEDPOSITIVE>true</ISDEEMEDPOSITIVE>
   <ISPARTYLEDGER>true</ISPARTYLEDGER>
   <AMOUNT>
    <AMOUNT>250000</AMOUNT>
    <CURRENCY>₹</CURRENCY>
    <FOREXSYMBOL>- * -</FOREXSYMBOL>
    <ISDEBIT>true</ISDEBIT>
   </AMOUNT>
   <BILLALLOCATIONS.LIST>
    <BILLTYPE>AgstRef</BILLTYPE>
    <NAME>105</NAME>
    <AMOUNT>
     <AMOUNT>250000</AMOUNT>
     <CURRENCY>₹</CURRENCY>
     <FOREXSYMBOL>- * -</FOREXSYMBOL>
     <ISDEBIT>true</ISDEBIT>
    </AMOUNT>
   </BILLALLOCATIONS.LIST>
  </LEDGERENTRIES.LIST>
  <ALLINVENTORYENTRIES.LIST>
   <INDEXNUMBER>1</INDEXNUMBER>
   <STOCKITEMNAME>Assembled PIV</STOCKITEMNAME>
   <ISSCRAP>false</ISSCRAP>
   <DISCOUNT>0</DISCOUNT>
   <ISDEEMEDPOSITIVE>false</ISDEEMEDPOSITIVE>
   <BASICUSERDESCRIPTION.LIST>
    <BASICUSERDESCRIPTION></BASICUSERDESCRIPTION>
   </BASICUSERDESCRIPTION.LIST>
   <RATE>
    <BASERATE>25000.00</BASERATE>
    <FOREXRATE>25000</FOREXRATE>
    <UNIT>Nos</UNIT>
   </RATE>
   <ACTUALQTY>
    <UNIT>Nos</UNIT>
    <QUANTITY>10</QUANTITY>
   </ACTUALQTY>
   <BILLEDQTY>
    <UNIT>Nos</UNIT>
    <QUANTITY>10</QUANTITY>
   </BILLEDQTY>
   <AMOUNT>
    <AMOUNT>250000</AMOUNT>
    <CURRENCY>₹</CURRENCY>
    <FOREXSYMBOL>- * -</FOREXSYMBOL>
    <ISDEBIT>false</ISDEBIT>
   </AMOUNT>
   <BATCHALLOCATIONS.LIST>
    <TRACKINGNUMBER>Not Applicable</TRACKINGNUMBER>
    <ORDERNO>Not Applicable</ORDERNO>
    <GODOWNNAME>Stores II</GODOWNNAME>
    <BATCHNAME>Primary Batch</BATCHNAME>
    <AMOUNT>
     <AMOUNT>250000</AMOUNT>
     <CURRENCY>₹</CURRENCY>
     <FOREXSYMBOL>- * -</FOREXSYMBOL>
     <ISDEBIT>false</ISDEBIT>
    </AMOUNT>
    <ACTUALQTY>
     <UNIT>Nos</UNIT>
     <QUANTITY>10</QUANTITY>
    </ACTUALQTY>
    <BILLEDQTY>
     <UNIT>Nos</UNIT>
     <QUANTITY>10</QUANTITY>
    </BILLEDQTY>
   </BATCHALLOCATIONS.LIST>
   <ACCOUNTINGALLOCATIONS.LIST>
    <INDEXNUMBER>1</INDEXNUMBER>
    <LEDGERNAME>Advertisement Charges</LEDGERNAME>
    <VCHLEDGERTYPE>Others</VCHLEDGERTYPE>
    <ISDEEMEDPOSITIVE>false</ISDEEMEDPOSITIVE>
    <AMOUNT>
     <AMOUNT>250000</AMOUNT>
     <CURRENCY>₹</CURRENCY>
     <FOREXSYMBOL>- * -</FOREXSYMBOL>
     <ISDEBIT>false</ISDEBIT>
    </AMOUNT>
   </ACCOUNTINGALLOCATIONS.LIST>
  </ALLINVENTORYENTRIES.LIST>
 </VOUCHER>
 <VOUCHER>
  <GUID>52889497-5b6b-403d-8f83-224e3c7759b4-0000124f</GUID>
  <REMOTEALTGUID>52889497-5b6b-403d-8f83-224e3c7759b4</REMOTEALTGUID>
  <MASTERID>4687</MASTERID>
  <ALTERID>7134</ALTERID>
  <ENTEREDBY>A</ENTEREDBY>
  <DATE>2010-05-31</DATE>
  <EFFECTIVEDATE>2010-05-31</EFFECTIVEDATE>
  <VOUCHERTYPENAME>Sales</VOUCHERTYPENAME>
  <PERSISTEDVIEW>InvoiceVoucherView</PERSISTEDVIEW>
  <VCHGSTCLASS>Not Applicable</VCHGSTCLASS>
  <ISCOSTCENTRE>false</ISCOSTCENTRE>
  <ISINVOICE>true</ISINVOICE>
  <VOUCHERNUMBER>16</VOUCHERNUMBER>
  <ISOPTIONAL>false</ISOPTIONAL>
  <PARTYNAME>Adview Consultants</PARTYNAME>
  <VOUCHERNUMBERSERIES>Default</VOUCHERNUMBERSERIES>
  <GSTREGISTRATION>Not Applicable</GSTREGISTRATION>
  <BASICBUYERNAME>Adview Consultants</BASICBUYERNAME>
  <ISCANCELLED>false</ISCANCELLED>
  <OVRDNEWAYBILLAPPLICABILITY>false</OVRDNEWAYBILLAPPLICABILITY>
  <LEDGERENTRIES.LIST>
   <INDEXNUMBER>1</INDEXNUMBER>
   <LEDGERNAME>Adview Consultants</LEDGERNAME>
   <VCHLEDGERTYPE>Others</VCHLEDGERTYPE>
   <ISDEEMEDPOSITIVE>true</ISDEEMEDPOSITIVE>
   <ISPARTYLEDGER>true</ISPARTYLEDGER>
   <AMOUNT>
    <AMOUNT>25000</AMOUNT>
    <CURRENCY>₹</CURRENCY>
    <FOREXSYMBOL>- * -</FOREXSYMBOL>
    <ISDEBIT>true</ISDEBIT>
   </AMOUNT>
   <BILLALLOCATIONS.LIST>
    <BILLTYPE>AgstRef</BILLTYPE>
    <NAME>106</NAME>
    <AMOUNT>
     <AMOUNT>25000</AMOUNT>
     <CURRENCY>₹</CURRENCY>
     <FOREXSYMBOL>- * -</FOREXSYMBOL>
     <ISDEBIT>true</ISDEBIT>
    </AMOUNT>
   </BILLALLOCATIONS.LIST>
  </LEDGERENTRIES.LIST>
  <ALLINVENTORYENTRIES.LIST>
   <INDEXNUMBER>1</INDEXNUMBER>
   <STOCKITEMNAME>Assembled PIV</STOCKITEMNAME>
   <ISSCRAP>false</ISSCRAP>
   <DISCOUNT>0</DISCOUNT>
   <ISDEEMEDPOSITIVE>false</ISDEEMEDPOSITIVE>
   <BASICUSERDESCRIPTION.LIST>
    <BASICUSERDESCRIPTION></BASICUSERDESCRIPTION>
   </BASICUSERDESCRIPTION.LIST>
   <RATE>
    <BASERATE>25000.00</BASERATE>
    <FOREXRATE>25000</FOREXRATE>
    <UNIT>Nos</UNIT>
   </RATE>
   <ACTUALQTY>
    <UNIT>Nos</UNIT>
    <QUANTITY>1</QUANTITY>
   </ACTUALQTY>
   <BILLEDQTY>
    <UNIT>Nos</UNIT>
    <QUANTITY>1</QUANTITY>
   </BILLEDQTY>
   <AMOUNT>
    <AMOUNT>25000</AMOUNT>
    <CURRENCY>₹</CURRENCY>
    <FOREXSYMBOL>- * -</FOREXSYMBOL>
    <ISDEBIT>false</ISDEBIT>
   </AMOUNT>
   <BATCHALLOCATIONS.LIST>
    <TRACKINGNUMBER>Not Applicable</TRACKINGNUMBER>
    <ORDERNO>Not Applicable</ORDERNO>
    <GODOWNNAME>Assembly Floor</GODOWNNAME>
    <BATCHNAME>Primary Batch</BATCHNAME>
    <AMOUNT>
     <AMOUNT>25000</AMOUNT>
     <CURRENCY>₹</CURRENCY>
     <FOREXSYMBOL>- * -</FOREXSYMBOL>
     <ISDEBIT>false</ISDEBIT>
    </AMOUNT>
    <ACTUALQTY>
     <UNIT>Nos</UNIT>
     <QUANTITY>1</QUANTITY>
    </ACTUALQTY>
    <BILLEDQTY>
     <UNIT>Nos</UNIT>
     <QUANTITY>1</QUANTITY>
    </BILLEDQTY>
   </BATCHALLOCATIONS.LIST>
   <ACCOUNTINGALLOCATIONS.LIST>
    <INDEXNUMBER>1</INDEXNUMBER>
    <LEDGERNAME>Interstate Sales @ 4%</LEDGERNAME>
    <LEDGERTAXTYPE>Sales Tax</LEDGERTAXTYPE>
    <VCHLEDGERTYPE>Others</VCHLEDGERTYPE>
    <ISDEEMEDPOSITIVE>false</ISDEEMEDPOSITIVE>
    <AMOUNT>
     <AMOUNT>25000</AMOUNT>
     <CURRENCY>₹</CURRENCY>
     <FOREXSYMBOL>- * -</FOREXSYMBOL>
     <ISDEBIT>false</ISDEBIT>
    </AMOUNT>
   </ACCOUNTINGALLOCATIONS.LIST>
  </ALLINVENTORYENTRIES.LIST>
 </VOUCHER>
 <VOUCHER>
  <GUID>52889497-5b6b-403d-8f83-224e3c7759b4-00001250</GUID>
  <REMOTEALTGUID>52889497-5b6b-403d-8f83-224e3c7759b4</REMOTEALTGUID>
  <MASTERID>4688</MASTERID>
  <ALTERID>7135</ALTERID>
  <ENTEREDBY>A</ENTEREDBY>
  <DATE>2010-05-31</DATE>
  <EFFECTIVEDATE>2010-05-31</EFFECTIVEDATE>
  <VOUCHERTYPENAME>Sales</VOUCHERTYPENAME>
  <PERSISTEDVIEW>InvoiceVoucherView</PERSISTEDVIEW>
  <VCHGSTCLASS>Not Applicable</VCHGSTCLASS>
  <ISCOSTCENTRE>false</ISCOSTCENTRE>
  <ISINVOICE>true</ISINVOICE>
  <VOUCHERNUMBER>17</VOUCHERNUMBER>
  <ISOPTIONAL>false</ISOPTIONAL>
  <PARTYNAME>ABC Ltd</PARTYNAME>
  <VOUCHERNUMBERSERIES>Default</VOUCHERNUMBERSERIES>
  <GSTREGISTRATION>Not Applicable</GSTREGISTRATION>
  <BASICBUYERNAME>ABC Ltd</BASICBUYERNAME>
  <ISCANCELLED>false</ISCANCELLED>
  <OVRDNEWAYBILLAPPLICABILITY>false</OVRDNEWAYBILLAPPLICABILITY>
  <LEDGERENTRIES.LIST>
   <INDEXNUMBER>1</INDEXNUMBER>
   <LEDGERNAME>ABC India Pvt. Ltd.</LEDGERNAME>
   <VCHLEDGERTYPE>Others</VCHLEDGERTYPE>
   <ISDEEMEDPOSITIVE>true</ISDEEMEDPOSITIVE>
   <ISPARTYLEDGER>true</ISPARTYLEDGER>
   <AMOUNT>
    <AMOUNT>250000</AMOUNT>
    <CURRENCY>₹</CURRENCY>
    <FOREXSYMBOL>- * -</FOREXSYMBOL>
    <ISDEBIT>true</ISDEBIT>
   </AMOUNT>
   <BILLALLOCATIONS.LIST>
    <BILLTYPE>AgstRef</BILLTYPE>
    <NAME>107</NAME>
    <AMOUNT>
     <AMOUNT>250000</AMOUNT>
     <CURRENCY>₹</CURRENCY>
     <FOREXSYMBOL>- * -</FOREXSYMBOL>
     <ISDEBIT>true</ISDEBIT>
    </AMOUNT>
   </BILLALLOCATIONS.LIST>
  </LEDGERENTRIES.LIST>
  <ALLINVENTORYENTRIES.LIST>
   <INDEXNUMBER>1</INDEXNUMBER>
   <STOCKITEMNAME>Assembled PIV</STOCKITEMNAME>
   <ISSCRAP>false</ISSCRAP>
   <DISCOUNT>0</DISCOUNT>
   <ISDEEMEDPOSITIVE>false</ISDEEMEDPOSITIVE>
   <BASICUSERDESCRIPTION.LIST>
    <BASICUSERDESCRIPTION></BASICUSERDESCRIPTION>
   </BASICUSERDESCRIPTION.LIST>
   <RATE>
    <BASERATE>25000.00</BASERATE>
    <FOREXRATE>25000</FOREXRATE>
    <UNIT>Nos</UNIT>
   </RATE>
   <ACTUALQTY>
    <UNIT>Nos</UNIT>
    <QUANTITY>10</QUANTITY>
   </ACTUALQTY>
   <BILLEDQTY>
    <UNIT>Nos</UNIT>
    <QUANTITY>10</QUANTITY>
   </BILLEDQTY>
   <AMOUNT>
    <AMOUNT>250000</AMOUNT>
    <CURRENCY>₹</CURRENCY>
    <FOREXSYMBOL>- * -</FOREXSYMBOL>
    <ISDEBIT>false</ISDEBIT>
   </AMOUNT>
   <BATCHALLOCATIONS.LIST>
    <TRACKINGNUMBER>Not Applicable</TRACKINGNUMBER>
    <ORDERNO>Not Applicable</ORDERNO>
    <GODOWNNAME>Stores II</GODOWNNAME>
    <BATCHNAME>Primary Batch</BATCHNAME>
    <AMOUNT>
     <AMOUNT>250000</AMOUNT>
     <CURRENCY>₹</CURRENCY>
     <FOREXSYMBOL>- * -</FOREXSYMBOL>
     <ISDEBIT>false</ISDEBIT>
    </AMOUNT>
    <ACTUALQTY>
     <UNIT>Nos</UNIT>
     <QUANTITY>10</QUANTITY>
    </ACTUALQTY>
    <BILLEDQTY>
     <UNIT>Nos</UNIT>
     <QUANTITY>10</QUANTITY>
    </BILLEDQTY>
   </BATCHALLOCATIONS.LIST>
   <ACCOUNTINGALLOCATIONS.LIST>
    <INDEXNUMBER>1</INDEXNUMBER>
    <LEDGERNAME>Advertisement Charges</LEDGERNAME>
    <VCHLEDGERTYPE>Others</VCHLEDGERTYPE>
    <ISDEEMEDPOSITIVE>false</ISDEEMEDPOSITIVE>
    <AMOUNT>
     <AMOUNT>250000</AMOUNT>
     <CURRENCY>₹</CURRENCY>
     <FOREXSYMBOL>- * -</FOREXSYMBOL>
     <ISDEBIT>false</ISDEBIT>
    </AMOUNT>
   </ACCOUNTINGALLOCATIONS.LIST>
  </ALLINVENTORYENTRIES.LIST>
 </VOUCHER>
 <VOUCHER>
  <GUID>52889497-5b6b-403d-8f83-224e3c7759b4-00001252</GUID>
  <REMOTEALTGUID>52889497-5b6b-403d-8f83-224e3c7759b4</REMOTEALTGUID>
  <MASTERID>4690</MASTERID>
  <ALTERID>7137</ALTERID>
  <ENTEREDBY>A</ENTEREDBY>
  <DATE>2010-05-31</DATE>
  <EFFECTIVEDATE>2010-05-31</EFFECTIVEDATE>
  <VOUCHERTYPENAME>Sales</VOUCHERTYPENAME>
  <PERSISTEDVIEW>InvoiceVoucherView</PERSISTEDVIEW>
  <VCHGSTCLASS>Not Applicable</VCHGSTCLASS>
  <ISCOSTCENTRE>false</ISCOSTCENTRE>
  <ISINVOICE>true</ISINVOICE>
  <VOUCHERNUMBER>18</VOUCHERNUMBER>
  <ISOPTIONAL>false</ISOPTIONAL>
  <PARTYNAME>ABC Ltd</PARTYNAME>
  <VOUCHERNUMBERSERIES>Default</VOUCHERNUMBERSERIES>
  <GSTREGISTRATION>Not Applicable</GSTREGISTRATION>
  <BASICBUYERNAME>ABC Ltd</BASICBUYERNAME>
  <ISCANCELLED>false</ISCANCELLED>
  <OVRDNEWAYBILLAPPLICABILITY>false</OVRDNEWAYBILLAPPLICABILITY>
  <LEDGERENTRIES.LIST>
   <INDEXNUMBER>1</INDEXNUMBER>
   <LEDGERNAME>ABC India Pvt. Ltd.</LEDGERNAME>
   <VCHLEDGERTYPE>Others</VCHLEDGERTYPE>
   <ISDEEMEDPOSITIVE>true</ISDEEMEDPOSITIVE>
   <ISPARTYLEDGER>true</ISPARTYLEDGER>
   <AMOUNT>
    <AMOUNT>250000</AMOUNT>
    <CURRENCY>₹</CURRENCY>
    <FOREXSYMBOL>- * -</FOREXSYMBOL>
    <ISDEBIT>true</ISDEBIT>
   </AMOUNT>
   <BILLALLOCATIONS.LIST>
    <BILLTYPE>AgstRef</BILLTYPE>
    <NAME>1</NAME>
    <AMOUNT>
     <AMOUNT>250000</AMOUNT>
     <CURRENCY>₹</CURRENCY>
     <FOREXSYMBOL>- * -</FOREXSYMBOL>
     <ISDEBIT>true</ISDEBIT>
    </AMOUNT>
   </BILLALLOCATIONS.LIST>
  </LEDGERENTRIES.LIST>
  <ALLINVENTORYENTRIES.LIST>
   <INDEXNUMBER>1</INDEXNUMBER>
   <STOCKITEMNAME>Assembled PIV</STOCKITEMNAME>
   <ISSCRAP>false</ISSCRAP>
   <DISCOUNT>0</DISCOUNT>
   <ISDEEMEDPOSITIVE>false</ISDEEMEDPOSITIVE>
   <BASICUSERDESCRIPTION.LIST>
    <BASICUSERDESCRIPTION></BASICUSERDESCRIPTION>
   </BASICUSERDESCRIPTION.LIST>
   <RATE>
    <BASERATE>25000.00</BASERATE>
    <FOREXRATE>25000</FOREXRATE>
    <UNIT>Nos</UNIT>
   </RATE>
   <ACTUALQTY>
    <UNIT>Nos</UNIT>
    <QUANTITY>10</QUANTITY>
   </ACTUALQTY>
   <BILLEDQTY>
    <UNIT>Nos</UNIT>
    <QUANTITY>10</QUANTITY>
   </BILLEDQTY>
   <AMOUNT>
    <AMOUNT>250000</AMOUNT>
    <CURRENCY>₹</CURRENCY>
    <FOREXSYMBOL>- * -</FOREXSYMBOL>
    <ISDEBIT>false</ISDEBIT>
   </AMOUNT>
   <BATCHALLOCATIONS.LIST>
    <TRACKINGNUMBER>Not Applicable</TRACKINGNUMBER>
    <ORDERNO>Not Applicable</ORDERNO>
    <GODOWNNAME>Stores II</GODOWNNAME>
    <BATCHNAME>Primary Batch</BATCHNAME>
    <AMOUNT>
     <AMOUNT>250000</AMOUNT>
     <CURRENCY>₹</CURRENCY>
     <FOREXSYMBOL>- * -</FOREXSYMBOL>
     <ISDEBIT>false</ISDEBIT>
    </AMOUNT>
    <ACTUALQTY>
     <UNIT>Nos</UNIT>
     <QUANTITY>10</QUANTITY>
    </ACTUALQTY>
    <BILLEDQTY>
     <UNIT>Nos</UNIT>
     <QUANTITY>10</QUANTITY>
    </BILLEDQTY>
   </BATCHALLOCATIONS.LIST>
   <ACCOUNTINGALLOCATIONS.LIST>
    <INDEXNUMBER>1</INDEXNUMBER>
    <LEDGERNAME>Advertisement Charges</LEDGERNAME>
    <VCHLEDGERTYPE>Others</VCHLEDGERTYPE>
    <ISDEEMEDPOSITIVE>false</ISDEEMEDPOSITIVE>
    <AMOUNT>
     <AMOUNT>250000</AMOUNT>
     <CURRENCY>₹</CURRENCY>
     <FOREXSYMBOL>- * -</FOREXSYMBOL>
     <ISDEBIT>false</ISDEBIT>
    </AMOUNT>
   </ACCOUNTINGALLOCATIONS.LIST>
  </ALLINVENTORYENTRIES.LIST>
 </VOUCHER>
 <VOUCHER>
  <GUID>52889497-5b6b-403d-8f83-224e3c7759b4-00001253</GUID>
  <REMOTEALTGUID>52889497-5b6b-403d-8f83-224e3c7759b4</REMOTEALTGUID>
  <MASTERID>4691</MASTERID>
  <ALTERID>7138</ALTERID>
  <ENTEREDBY>A</ENTEREDBY>
  <DATE>2010-05-31</DATE>
  <EFFECTIVEDATE>2010-05-31</EFFECTIVEDATE>
  <VOUCHERTYPENAME>Sales</VOUCHERTYPENAME>
  <PERSISTEDVIEW>InvoiceVoucherView</PERSISTEDVIEW>
  <VCHGSTCLASS>Not Applicable</VCHGSTCLASS>
  <ISCOSTCENTRE>false</ISCOSTCENTRE>
  <ISINVOICE>true</ISINVOICE>
  <VOUCHERNUMBER>19</VOUCHERNUMBER>
  <ISOPTIONAL>false</ISOPTIONAL>
  <PARTYNAME>ABC Ltd</PARTYNAME>
  <VOUCHERNUMBERSERIES>Default</VOUCHERNUMBERSERIES>
  <GSTREGISTRATION>Not Applicable</GSTREGISTRATION>
  <BASICBUYERNAME>ABC Ltd</BASICBUYERNAME>
  <ISCANCELLED>false</ISCANCELLED>
  <OVRDNEWAYBILLAPPLICABILITY>false</OVRDNEWAYBILLAPPLICABILITY>
  <LEDGERENTRIES.LIST>
   <INDEXNUMBER>1</INDEXNUMBER>
   <LEDGERNAME>ABC India Pvt. Ltd.</LEDGERNAME>
   <VCHLEDGERTYPE>Others</VCHLEDGERTYPE>
   <ISDEEMEDPOSITIVE>true</ISDEEMEDPOSITIVE>
   <ISPARTYLEDGER>true</ISPARTYLEDGER>
   <AMOUNT>
    <AMOUNT>250000</AMOUNT>
    <CURRENCY>₹</CURRENCY>
    <FOREXSYMBOL>- * -</FOREXSYMBOL>
    <ISDEBIT>true</ISDEBIT>
   </AMOUNT>
   <BILLALLOCATIONS.LIST>
    <BILLTYPE>AgstRef</BILLTYPE>
    <NAME>1</NAME>
    <AMOUNT>
     <AMOUNT>250000</AMOUNT>
     <CURRENCY>₹</CURRENCY>
     <FOREXSYMBOL>- * -</FOREXSYMBOL>
     <ISDEBIT>true</ISDEBIT>
    </AMOUNT>
   </BILLALLOCATIONS.LIST>
  </LEDGERENTRIES.LIST>
  <ALLINVENTORYENTRIES.LIST>
   <INDEXNUMBER>1</INDEXNUMBER>
   <STOCKITEMNAME>Assembled PIV</STOCKITEMNAME>
   <ISSCRAP>false</ISSCRAP>
   <DISCOUNT>0</DISCOUNT>
   <ISDEEMEDPOSITIVE>false</ISDEEMEDPOSITIVE>
   <BASICUSERDESCRIPTION.LIST>
    <BASICUSERDESCRIPTION></BASICUSERDESCRIPTION>
   </BASICUSERDESCRIPTION.LIST>
   <RATE>
    <BASERATE>25000.00</BASERATE>
    <FOREXRATE>25000</FOREXRATE>
    <UNIT>Nos</UNIT>
   </RATE>
   <ACTUALQTY>
    <UNIT>Nos</UNIT>
    <QUANTITY>10</QUANTITY>
   </ACTUALQTY>
   <BILLEDQTY>
    <UNIT>Nos</UNIT>
    <QUANTITY>10</QUANTITY>
   </BILLEDQTY>
   <AMOUNT>
    <AMOUNT>250000</AMOUNT>
    <CURRENCY>₹</CURRENCY>
    <FOREXSYMBOL>- * -</FOREXSYMBOL>
    <ISDEBIT>false</ISDEBIT>
   </AMOUNT>
   <BATCHALLOCATIONS.LIST>
    <TRACKINGNUMBER>Not Applicable</TRACKINGNUMBER>
    <ORDERNO>Not Applicable</ORDERNO>
    <GODOWNNAME>Stores II</GODOWNNAME>
    <BATCHNAME>Primary Batch</BATCHNAME>
    <AMOUNT>
     <AMOUNT>250000</AMOUNT>
     <CURRENCY>₹</CURRENCY>
     <FOREXSYMBOL>- * -</FOREXSYMBOL>
     <ISDEBIT>false</ISDEBIT>
    </AMOUNT>
    <ACTUALQTY>
     <UNIT>Nos</UNIT>
     <QUANTITY>10</QUANTITY>
    </ACTUALQTY>
    <BILLEDQTY>
     <UNIT>Nos</UNIT>
     <QUANTITY>10</QUANTITY>
    </BILLEDQTY>
   </BATCHALLOCATIONS.LIST>
   <ACCOUNTINGALLOCATIONS.LIST>
    <INDEXNUMBER>1</INDEXNUMBER>
    <LEDGERNAME>Cash Sales</LEDGERNAME>
    <VCHLEDGERTYPE>Others</VCHLEDGERTYPE>
    <ISDEEMEDPOSITIVE>false</ISDEEMEDPOSITIVE>
    <AMOUNT>
     <AMOUNT>250000</AMOUNT>
     <CURRENCY>₹</CURRENCY>
     <FOREXSYMBOL>- * -</FOREXSYMBOL>
     <ISDEBIT>false</ISDEBIT>
    </AMOUNT>
   </ACCOUNTINGALLOCATIONS.LIST>
  </ALLINVENTORYENTRIES.LIST>
 </VOUCHER>
 <VOUCHER>
  <GUID>52889497-5b6b-403d-8f83-224e3c7759b4-00001254</GUID>
  <REMOTEALTGUID>52889497-5b6b-403d-8f83-224e3c7759b4</REMOTEALTGUID>
  <MASTERID>4692</MASTERID>
  <ALTERID>7139</ALTERID>
  <ENTEREDBY>A</ENTEREDBY>
  <DATE>2010-05-31</DATE>
  <EFFECTIVEDATE>2010-05-31</EFFECTIVEDATE>
  <VOUCHERTYPENAME>Sales</VOUCHERTYPENAME>
  <PERSISTEDVIEW>InvoiceVoucherView</PERSISTEDVIEW>
  <VCHGSTCLASS>Not Applicable</VCHGSTCLASS>
  <ISCOSTCENTRE>false</ISCOSTCENTRE>
  <ISINVOICE>true</ISINVOICE>
  <VOUCHERNUMBER>20</VOUCHERNUMBER>
  <ISOPTIONAL>false</ISOPTIONAL>
  <PARTYNAME>ABC Ltd</PARTYNAME>
  <VOUCHERNUMBERSERIES>Default</VOUCHERNUMBERSERIES>
  <GSTREGISTRATION>Not Applicable</GSTREGISTRATION>
  <BASICBUYERNAME>ABC Ltd</BASICBUYERNAME>
  <ISCANCELLED>false</ISCANCELLED>
  <OVRDNEWAYBILLAPPLICABILITY>false</OVRDNEWAYBILLAPPLICABILITY>
  <LEDGERENTRIES.LIST>
   <INDEXNUMBER>1</INDEXNUMBER>
   <LEDGERNAME>ABC India Pvt. Ltd.</LEDGERNAME>
   <VCHLEDGERTYPE>Others</VCHLEDGERTYPE>
   <ISDEEMEDPOSITIVE>true</ISDEEMEDPOSITIVE>
   <ISPARTYLEDGER>true</ISPARTYLEDGER>
   <AMOUNT>
    <AMOUNT>250000</AMOUNT>
    <CURRENCY>₹</CURRENCY>
    <FOREXSYMBOL>- * -</FOREXSYMBOL>
    <ISDEBIT>true</ISDEBIT>
   </AMOUNT>
   <BILLALLOCATIONS.LIST>
    <BILLTYPE>AgstRef</BILLTYPE>
    <NAME>10</NAME>
    <AMOUNT>
     <AMOUNT>250000</AMOUNT>
     <CURRENCY>₹</CURRENCY>
     <FOREXSYMBOL>- * -</FOREXSYMBOL>
     <ISDEBIT>true</ISDEBIT>
    </AMOUNT>
   </BILLALLOCATIONS.LIST>
  </LEDGERENTRIES.LIST>
  <ALLINVENTORYENTRIES.LIST>
   <INDEXNUMBER>1</INDEXNUMBER>
   <STOCKITEMNAME>Assembled PIV</STOCKITEMNAME>
   <ISSCRAP>false</ISSCRAP>
   <DISCOUNT>0</DISCOUNT>
   <ISDEEMEDPOSITIVE>false</ISDEEMEDPOSITIVE>
   <BASICUSERDESCRIPTION.LIST>
    <BASICUSERDESCRIPTION></BASICUSERDESCRIPTION>
   </BASICUSERDESCRIPTION.LIST>
   <RATE>
    <BASERATE>25000.00</BASERATE>
    <FOREXRATE>25000</FOREXRATE>
    <UNIT>Nos</UNIT>
   </RATE>
   <ACTUALQTY>
    <UNIT>Nos</UNIT>
    <QUANTITY>10</QUANTITY>
   </ACTUALQTY>
   <BILLEDQTY>
    <UNIT>Nos</UNIT>
    <QUANTITY>10</QUANTITY>
   </BILLEDQTY>
   <AMOUNT>
    <AMOUNT>250000</AMOUNT>
    <CURRENCY>₹</CURRENCY>
    <FOREXSYMBOL>- * -</FOREXSYMBOL>
    <ISDEBIT>false</ISDEBIT>
   </AMOUNT>
   <BATCHALLOCATIONS.LIST>
    <TRACKINGNUMBER>Not Applicable</TRACKINGNUMBER>
    <ORDERNO>Not Applicable</ORDERNO>
    <GODOWNNAME>Stores II</GODOWNNAME>
    <BATCHNAME>Primary Batch</BATCHNAME>
    <AMOUNT>
     <AMOUNT>250000</AMOUNT>
     <CURRENCY>₹</CURRENCY>
     <FOREXSYMBOL>- * -</FOREXSYMBOL>
     <ISDEBIT>false</ISDEBIT>
    </AMOUNT>
    <ACTUALQTY>
     <UNIT>Nos</UNIT>
     <QUANTITY>10</QUANTITY>
    </ACTUALQTY>
    <BILLEDQTY>
     <UNIT>Nos</UNIT>
     <QUANTITY>10</QUANTITY>
    </BILLEDQTY>
   </BATCHALLOCATIONS.LIST>
   <ACCOUNTINGALLOCATIONS.LIST>
    <INDEXNUMBER>1</INDEXNUMBER>
    <LEDGERNAME>Advertisement Charges</LEDGERNAME>
    <VCHLEDGERTYPE>Others</VCHLEDGERTYPE>
    <ISDEEMEDPOSITIVE>false</ISDEEMEDPOSITIVE>
    <AMOUNT>
     <AMOUNT>250000</AMOUNT>
     <CURRENCY>₹</CURRENCY>
     <FOREXSYMBOL>- * -</FOREXSYMBOL>
     <ISDEBIT>false</ISDEBIT>
    </AMOUNT>
   </ACCOUNTINGALLOCATIONS.LIST>
  </ALLINVENTORYENTRIES.LIST>
 </VOUCHER>
 <VOUCHER>
  <GUID>52889497-5b6b-403d-8f83-224e3c7759b4-00001256</GUID>
  <REMOTEALTGUID>52889497-5b6b-403d-8f83-224e3c7759b4</REMOTEALTGUID>
  <MASTERID>4694</MASTERID>
  <ALTERID>7141</ALTERID>
  <ENTEREDBY>A</ENTEREDBY>
  <DATE>2010-05-31</DATE>
  <EFFECTIVEDATE>2010-05-31</EFFECTIVEDATE>
  <VOUCHERTYPENAME>Sales</VOUCHERTYPENAME>
  <PERSISTEDVIEW>InvoiceVoucherView</PERSISTEDVIEW>
  <VCHGSTCLASS>Not Applicable</VCHGSTCLASS>
  <ISCOSTCENTRE>false</ISCOSTCENTRE>
  <ISINVOICE>true</ISINVOICE>
  <VOUCHERNUMBER>21</VOUCHERNUMBER>
  <ISOPTIONAL>false</ISOPTIONAL>
  <PARTYNAME>ABC Ltd</PARTYNAME>
  <VOUCHERNUMBERSERIES>Default</VOUCHERNUMBERSERIES>
  <GSTREGISTRATION>Not Applicable</GSTREGISTRATION>
  <BASICBUYERNAME>ABC Ltd</BASICBUYERNAME>
  <ISCANCELLED>false</ISCANCELLED>
  <OVRDNEWAYBILLAPPLICABILITY>false</OVRDNEWAYBILLAPPLICABILITY>
  <LEDGERENTRIES.LIST>
   <INDEXNUMBER>1</INDEXNUMBER>
   <LEDGERNAME>ABC India Pvt. Ltd.</LEDGERNAME>
   <VCHLEDGERTYPE>Others</VCHLEDGERTYPE>
   <ISDEEMEDPOSITIVE>true</ISDEEMEDPOSITIVE>
   <ISPARTYLEDGER>true</ISPARTYLEDGER>
   <AMOUNT>
    <AMOUNT>675000</AMOUNT>
    <CURRENCY>₹</CURRENCY>
    <FOREXSYMBOL>- * -</FOREXSYMBOL>
    <ISDEBIT>true</ISDEBIT>
   </AMOUNT>
   <BILLALLOCATIONS.LIST>
    <BILLTYPE>AgstRef</BILLTYPE>
    <NAME>2</NAME>
    <AMOUNT>
     <AMOUNT>675000</AMOUNT>
     <CURRENCY>₹</CURRENCY>
     <FOREXSYMBOL>- * -</FOREXSYMBOL>
     <ISDEBIT>true</ISDEBIT>
    </AMOUNT>
   </BILLALLOCATIONS.LIST>
  </LEDGERENTRIES.LIST>
  <ALLINVENTORYENTRIES.LIST>
   <INDEXNUMBER>1</INDEXNUMBER>
   <STOCKITEMNAME>Assembled PIV</STOCKITEMNAME>
   <ISSCRAP>false</ISSCRAP>
   <DISCOUNT>0</DISCOUNT>
   <ISDEEMEDPOSITIVE>false</ISDEEMEDPOSITIVE>
   <BASICUSERDESCRIPTION.LIST>
    <BASICUSERDESCRIPTION></BASICUSERDESCRIPTION>
   </BASICUSERDESCRIPTION.LIST>
   <RATE>
    <BASERATE>25000.00</BASERATE>
    <FOREXRATE>25000</FOREXRATE>
    <UNIT>Nos</UNIT>
   </RATE>
   <ACTUALQTY>
    <UNIT>Nos</UNIT>
    <QUANTITY>27</QUANTITY>
   </ACTUALQTY>
   <BILLEDQTY>
    <UNIT>Nos</UNIT>
    <QUANTITY>27</QUANTITY>
   </BILLEDQTY>
   <AMOUNT>
    <AMOUNT>675000</AMOUNT>
    <CURRENCY>₹</CURRENCY>
    <FOREXSYMBOL>- * -</FOREXSYMBOL>
    <ISDEBIT>false</ISDEBIT>
   </AMOUNT>
   <BATCHALLOCATIONS.LIST>
    <TRACKINGNUMBER>Not Applicable</TRACKINGNUMBER>
    <ORDERNO>Not Applicable</ORDERNO>
    <GODOWNNAME>Stores II</GODOWNNAME>
    <BATCHNAME>Primary Batch</BATCHNAME>
    <AMOUNT>
     <AMOUNT>675000</AMOUNT>
     <CURRENCY>₹</CURRENCY>
     <FOREXSYMBOL>- * -</FOREXSYMBOL>
     <ISDEBIT>false</ISDEBIT>
    </AMOUNT>
    <ACTUALQTY>
     <UNIT>Nos</UNIT>
     <QUANTITY>27</QUANTITY>
    </ACTUALQTY>
    <BILLEDQTY>
     <UNIT>Nos</UNIT>
     <QUANTITY>27</QUANTITY>
    </BILLEDQTY>
   </BATCHALLOCATIONS.LIST>
   <ACCOUNTINGALLOCATIONS.LIST>
    <INDEXNUMBER>1</INDEXNUMBER>
    <LEDGERNAME>Advertisement Charges</LEDGERNAME>
    <VCHLEDGERTYPE>Others</VCHLEDGERTYPE>
    <ISDEEMEDPOSITIVE>false</ISDEEMEDPOSITIVE>
    <AMOUNT>
     <AMOUNT>675000</AMOUNT>
     <CURRENCY>₹</CURRENCY>
     <FOREXSYMBOL>- * -</FOREXSYMBOL>
     <ISDEBIT>false</ISDEBIT>
    </AMOUNT>
   </ACCOUNTINGALLOCATIONS.LIST>
  </ALLINVENTORYENTRIES.LIST>
 </VOUCHER>
 <VOUCHER>
  <GUID>52889497-5b6b-403d-8f83-224e3c7759b4-0000125c</GUID>
  <REMOTEALTGUID>52889497-5b6b-403d-8f83-224e3c7759b4</REMOTEALTGUID>
  <MASTERID>4700</MASTERID>
  <ALTERID>7147</ALTERID>
  <ENTEREDBY>A</ENTEREDBY>
  <DATE>2010-05-31</DATE>
  <EFFECTIVEDATE>2010-05-31</EFFECTIVEDATE>
  <REFERENCE>18</REFERENCE>
  <VOUCHERTYPENAME>Sales</VOUCHERTYPENAME>
  <PERSISTEDVIEW>InvoiceVoucherView</PERSISTEDVIEW>
  <VCHGSTCLASS>Not Applicable</VCHGSTCLASS>
  <ISCOSTCENTRE>false</ISCOSTCENTRE>
  <ISINVOICE>true</ISINVOICE>
  <VOUCHERNUMBER>22</VOUCHERNUMBER>
  <ISOPTIONAL>false</ISOPTIONAL>
  <PARTYNAME>ABC Ltd</PARTYNAME>
  <VOUCHERNUMBERSERIES>Default</VOUCHERNUMBERSERIES>
  <GSTREGISTRATION>Not Applicable</GSTREGISTRATION>
  <BASICBUYERNAME>DEF Ltd</BASICBUYERNAME>
  <ISCANCELLED>false</ISCANCELLED>
  <OVRDNEWAYBILLAPPLICABILITY>false</OVRDNEWAYBILLAPPLICABILITY>
  <LEDGERENTRIES.LIST>
   <INDEXNUMBER>1</INDEXNUMBER>
   <LEDGERNAME>ABC India Pvt. Ltd.</LEDGERNAME>
   <VCHLEDGERTYPE>Others</VCHLEDGERTYPE>
   <ISDEEMEDPOSITIVE>true</ISDEEMEDPOSITIVE>
   <ISPARTYLEDGER>true</ISPARTYLEDGER>
   <AMOUNT>
    <AMOUNT>2500000</AMOUNT>
    <CURRENCY>₹</CURRENCY>
    <FOREXSYMBOL>- * -</FOREXSYMBOL>
    <ISDEBIT>true</ISDEBIT>
   </AMOUNT>
   <BILLALLOCATIONS.LIST>
    <BILLTYPE>AgstRef</BILLTYPE>
    <NAME>16</NAME>
    <AMOUNT>
     <AMOUNT>2500000</AMOUNT>
     <CURRENCY>₹</CURRENCY>
     <FOREXSYMBOL>- * -</FOREXSYMBOL>
     <ISDEBIT>true</ISDEBIT>
    </AMOUNT>
   </BILLALLOCATIONS.LIST>
  </LEDGERENTRIES.LIST>
  <ALLINVENTORYENTRIES.LIST>
   <INDEXNUMBER>1</INDEXNUMBER>
   <STOCKITEMNAME>Assembled PIV</STOCKITEMNAME>
   <ISSCRAP>false</ISSCRAP>
   <DISCOUNT>0</DISCOUNT>
   <ISDEEMEDPOSITIVE>false</ISDEEMEDPOSITIVE>
   <BASICUSERDESCRIPTION.LIST>
    <BASICUSERDESCRIPTION></BASICUSERDESCRIPTION>
   </BASICUSERDESCRIPTION.LIST>
   <RATE>
    <BASERATE>25000.00</BASERATE>
    <FOREXRATE>25000</FOREXRATE>
    <UNIT>Nos</UNIT>
   </RATE>
   <ACTUALQTY>
    <UNIT>Nos</UNIT>
    <QUANTITY>100</QUANTITY>
   </ACTUALQTY>
   <BILLEDQTY>
    <UNIT>Nos</UNIT>
    <QUANTITY>100</QUANTITY>
   </BILLEDQTY>
   <AMOUNT>
    <AMOUNT>2500000</AMOUNT>
    <CURRENCY>₹</CURRENCY>
    <FOREXSYMBOL>- * -</FOREXSYMBOL>
    <ISDEBIT>false</ISDEBIT>
   </AMOUNT>
   <BATCHALLOCATIONS.LIST>
    <TRACKINGNUMBER>Not Applicable</TRACKINGNUMBER>
    <ORDERNO>18</ORDERNO>
    <GODOWNNAME>Assembly Floor</GODOWNNAME>
    <BATCHNAME>Primary Batch</BATCHNAME>
    <ORDERDUEDATE>
     <DUEONDATE>2009-05-31</DUEONDATE>
     <INDAYS>60</INDAYS>
     <INTEXT>31-May-2009</INTEXT>
    </ORDERDUEDATE>
    <AMOUNT>
     <AMOUNT>2500000</AMOUNT>
     <CURRENCY>₹</CURRENCY>
     <FOREXSYMBOL>- * -</FOREXSYMBOL>
     <ISDEBIT>false</ISDEBIT>
    </AMOUNT>
    <ACTUALQTY>
     <UNIT>Nos</UNIT>
     <QUANTITY>100</QUANTITY>
    </ACTUALQTY>
    <BILLEDQTY>
     <UNIT>Nos</UNIT>
     <QUANTITY>100</QUANTITY>
    </BILLEDQTY>
   </BATCHALLOCATIONS.LIST>
   <ACCOUNTINGALLOCATIONS.LIST>
    <INDEXNUMBER>1</INDEXNUMBER>
    <LEDGERNAME>Sales</LEDGERNAME>
    <VCHLEDGERTYPE>Others</VCHLEDGERTYPE>
    <ISDEEMEDPOSITIVE>false</ISDEEMEDPOSITIVE>
    <AMOUNT>
     <AMOUNT>2500000</AMOUNT>
     <CURRENCY>₹</CURRENCY>
     <FOREXSYMBOL>- * -</FOREXSYMBOL>
     <ISDEBIT>false</ISDEBIT>
    </AMOUNT>
   </ACCOUNTINGALLOCATIONS.LIST>
  </ALLINVENTORYENTRIES.LIST>
 </VOUCHER>
 <VOUCHER>
  <GUID>52889497-5b6b-403d-8f83-224e3c7759b4-0000125e</GUID>
  <REMOTEALTGUID>52889497-5b6b-403d-8f83-224e3c7759b4</REMOTEALTGUID>
  <MASTERID>4702</MASTERID>
  <ALTERID>7149</ALTERID>
  <ENTEREDBY>A</ENTEREDBY>
  <DATE>2010-05-31</DATE>
  <EFFECTIVEDATE>2010-05-31</EFFECTIVEDATE>
  <VOUCHERTYPENAME>Sales</VOUCHERTYPENAME>
  <PERSISTEDVIEW>InvoiceVoucherView</PERSISTEDVIEW>
  <VCHGSTCLASS>Not Applicable</VCHGSTCLASS>
  <ISCOSTCENTRE>false</ISCOSTCENTRE>
  <ISINVOICE>true</ISINVOICE>
  <VOUCHERNUMBER>23</VOUCHERNUMBER>
  <ISOPTIONAL>false</ISOPTIONAL>
  <PARTYNAME>ABC Ltd</PARTYNAME>
  <VOUCHERNUMBERSERIES>Default</VOUCHERNUMBERSERIES>
  <GSTREGISTRATION>Not Applicable</GSTREGISTRATION>
  <BASICBUYERNAME>ABC Ltd</BASICBUYERNAME>
  <ISCANCELLED>false</ISCANCELLED>
  <OVRDNEWAYBILLAPPLICABILITY>false</OVRDNEWAYBILLAPPLICABILITY>
  <LEDGERENTRIES.LIST>
   <INDEXNUMBER>1</INDEXNUMBER>
   <LEDGERNAME>ABC India Pvt. Ltd.</LEDGERNAME>
   <VCHLEDGERTYPE>Others</VCHLEDGERTYPE>
   <ISDEEMEDPOSITIVE>true</ISDEEMEDPOSITIVE>
   <ISPARTYLEDGER>true</ISPARTYLEDGER>
   <AMOUNT>
    <AMOUNT>1250000</AMOUNT>
    <CURRENCY>₹</CURRENCY>
    <FOREXSYMBOL>- * -</FOREXSYMBOL>
    <ISDEBIT>true</ISDEBIT>
   </AMOUNT>
   <BILLALLOCATIONS.LIST>
    <BILLTYPE>AgstRef</BILLTYPE>
    <NAME>4</NAME>
    <AMOUNT>
     <AMOUNT>1250000</AMOUNT>
     <CURRENCY>₹</CURRENCY>
     <FOREXSYMBOL>- * -</FOREXSYMBOL>
     <ISDEBIT>true</ISDEBIT>
    </AMOUNT>
   </BILLALLOCATIONS.LIST>
  </LEDGERENTRIES.LIST>
  <ALLINVENTORYENTRIES.LIST>
   <INDEXNUMBER>1</INDEXNUMBER>
   <STOCKITEMNAME>Assembled PIV</STOCKITEMNAME>
   <ISSCRAP>false</ISSCRAP>
   <DISCOUNT>0</DISCOUNT>
   <ISDEEMEDPOSITIVE>false</ISDEEMEDPOSITIVE>
   <BASICUSERDESCRIPTION.LIST>
    <BASICUSERDESCRIPTION></BASICUSERDESCRIPTION>
   </BASICUSERDESCRIPTION.LIST>
   <RATE>
    <BASERATE>25000.00</BASERATE>
    <FOREXRATE>25000</FOREXRATE>
    <UNIT>Nos</UNIT>
   </RATE>
   <ACTUALQTY>
    <UNIT>Nos</UNIT>
    <QUANTITY>50</QUANTITY>
   </ACTUALQTY>
   <BILLEDQTY>
    <UNIT>Nos</UNIT>
    <QUANTITY>50</QUANTITY>
   </BILLEDQTY>
   <AMOUNT>
    <AMOUNT>1250000</AMOUNT>
    <CURRENCY>₹</CURRENCY>
    <FOREXSYMBOL>- * -</FOREXSYMBOL>
    <ISDEBIT>false</ISDEBIT>
   </AMOUNT>
   <BATCHALLOCATIONS.LIST>
    <TRACKINGNUMBER>Not Applicable</TRACKINGNUMBER>
    <ORDERNO>Not Applicable</ORDERNO>
    <GODOWNNAME>Stores II</GODOWNNAME>
    <BATCHNAME>Primary Batch</BATCHNAME>
    <AMOUNT>
     <AMOUNT>1250000</AMOUNT>
     <CURRENCY>₹</CURRENCY>
     <FOREXSYMBOL>- * -</FOREXSYMBOL>
     <ISDEBIT>false</ISDEBIT>
    </AMOUNT>
    <ACTUALQTY>
     <UNIT>Nos</UNIT>
     <QUANTITY>50</QUANTITY>
    </ACTUALQTY>
    <BILLEDQTY>
     <UNIT>Nos</UNIT>
     <QUANTITY>50</QUANTITY>
    </BILLEDQTY>
   </BATCHALLOCATIONS.LIST>
   <ACCOUNTINGALLOCATIONS.LIST>
    <INDEXNUMBER>1</INDEXNUMBER>
    <LEDGERNAME>Advertisement Charges</LEDGERNAME>
    <VCHLEDGERTYPE>Others</VCHLEDGERTYPE>
    <ISDEEMEDPOSITIVE>false</ISDEEMEDPOSITIVE>
    <AMOUNT>
     <AMOUNT>1250000</AMOUNT>
     <CURRENCY>₹</CURRENCY>
     <FOREXSYMBOL>- * -</FOREXSYMBOL>
     <ISDEBIT>false</ISDEBIT>
    </AMOUNT>
   </ACCOUNTINGALLOCATIONS.LIST>
  </ALLINVENTORYENTRIES.LIST>
 </VOUCHER>
 <VOUCHER>
  <GUID>52889497-5b6b-403d-8f83-224e3c7759b4-00001129</GUID>
  <REMOTEALTGUID>52889497-5b6b-403d-8f83-224e3c7759b4</REMOTEALTGUID>
  <MASTERID>4393</MASTERID>
  <ALTERID>6169</ALTERID>
  <ENTEREDBY>A</ENTEREDBY>
  <DATE>2010-06-01</DATE>
  <EFFECTIVEDATE>2010-06-01</EFFECTIVEDATE>
  <VOUCHERTYPENAME>Sales</VOUCHERTYPENAME>
  <PERSISTEDVIEW>InvoiceVoucherView</PERSISTEDVIEW>
  <VCHGSTCLASS>Not Applicable</VCHGSTCLASS>
  <ISCOSTCENTRE>false</ISCOSTCENTRE>
  <ISINVOICE>true</ISINVOICE>
  <VOUCHERNUMBER>24</VOUCHERNUMBER>
  <ISOPTIONAL>false</ISOPTIONAL>
  <PARTYNAME>Cash</PARTYNAME>
  <VOUCHERNUMBERSERIES>Default</VOUCHERNUMBERSERIES>
  <GSTREGISTRATION>Not Applicable</GSTREGISTRATION>
  <BASICBUYERNAME>Cash</BASICBUYERNAME>
  <ISCANCELLED>false</ISCANCELLED>
  <OVRDNEWAYBILLAPPLICABILITY>false</OVRDNEWAYBILLAPPLICABILITY>
  <LEDGERENTRIES.LIST>
   <INDEXNUMBER>1</INDEXNUMBER>
   <LEDGERNAME>Cash</LEDGERNAME>
   <VCHLEDGERTYPE>Others</VCHLEDGERTYPE>
   <ISDEEMEDPOSITIVE>true</ISDEEMEDPOSITIVE>
   <ISPARTYLEDGER>true</ISPARTYLEDGER>
   <AMOUNT>
    <AMOUNT>0</AMOUNT>
    <CURRENCY>₹</CURRENCY>
    <FOREXSYMBOL></FOREXSYMBOL>
    <ISDEBIT>true</ISDEBIT>
   </AMOUNT>
  </LEDGERENTRIES.LIST>
 </VOUCHER>
 <VOUCHER>
  <GUID>52889497-5b6b-403d-8f83-224e3c7759b4-0000112a</GUID>
  <REMOTEALTGUID>52889497-5b6b-403d-8f83-224e3c7759b4</REMOTEALTGUID>
  <MASTERID>4394</MASTERID>
  <ALTERID>8160</ALTERID>
  <ENTEREDBY>A</ENTEREDBY>
  <DATE>2010-06-01</DATE>
  <EFFECTIVEDATE>2010-06-01</EFFECTIVEDATE>
  <VOUCHERTYPENAME>Sales</VOUCHERTYPENAME>
  <PERSISTEDVIEW>InvoiceVoucherView</PERSISTEDVIEW>
  <VCHGSTCLASS>Not Applicable</VCHGSTCLASS>
  <ISCOSTCENTRE>false</ISCOSTCENTRE>
  <ISINVOICE>true</ISINVOICE>
  <VOUCHERNUMBER>25</VOUCHERNUMBER>
  <ISOPTIONAL>false</ISOPTIONAL>
  <PARTYNAME>Cash</PARTYNAME>
  <VOUCHERNUMBERSERIES>Default</VOUCHERNUMBERSERIES>
  <GSTREGISTRATION>Not Applicable</GSTREGISTRATION>
  <BASICBUYERNAME>Cash</BASICBUYERNAME>
  <ISCANCELLED>false</ISCANCELLED>
  <OVRDNEWAYBILLAPPLICABILITY>false</OVRDNEWAYBILLAPPLICABILITY>
  <LEDGERENTRIES.LIST>
   <INDEXNUMBER>1</INDEXNUMBER>
   <LEDGERNAME>Cash</LEDGERNAME>
   <VCHLEDGERTYPE>Others</VCHLEDGERTYPE>
   <ISDEEMEDPOSITIVE>true</ISDEEMEDPOSITIVE>
   <ISPARTYLEDGER>true</ISPARTYLEDGER>
   <AMOUNT>
    <AMOUNT>468000</AMOUNT>
    <CURRENCY>₹</CURRENCY>
    <FOREXSYMBOL>- * -</FOREXSYMBOL>
    <ISDEBIT>true</ISDEBIT>
   </AMOUNT>
  </LEDGERENTRIES.LIST>
  <LEDGERENTRIES.LIST>
   <INDEXNUMBER>2</INDEXNUMBER>
   <LEDGERNAME>Output VAT @ 4%</LEDGERNAME>
   <LEDGERTAXTYPE>On VAT Rate</LEDGERTAXTYPE>
   <VCHLEDGERTYPE>VAT</VCHLEDGERTYPE>
   <ISDEEMEDPOSITIVE>false</ISDEEMEDPOSITIVE>
   <ISPARTYLEDGER>false</ISPARTYLEDGER>
   <AMOUNT>
    <AMOUNT>18000</AMOUNT>
    <CURRENCY>₹</CURRENCY>
    <FOREXSYMBOL>- * -</FOREXSYMBOL>
    <ISDEBIT>false</ISDEBIT>
   </AMOUNT>
  </LEDGERENTRIES.LIST>
  <ALLINVENTORYENTRIES.LIST>
   <INDEXNUMBER>1</INDEXNUMBER>
   <STOCKITEMNAME>Monitor</STOCKITEMNAME>
   <ISSCRAP>false</ISSCRAP>
   <DISCOUNT>0</DISCOUNT>
   <ISDEEMEDPOSITIVE>false</ISDEEMEDPOSITIVE>
   <BASICUSERDESCRIPTION.LIST>
    <BASICUSERDESCRIPTION></BASICUSERDESCRIPTION>
   </BASICUSERDESCRIPTION.LIST>
   <RATE>
    <BASERATE>9000.00</BASERATE>
    <FOREXRATE>9000</FOREXRATE>
    <UNIT>Nos</UNIT>
   </RATE>
   <ACTUALQTY>
    <UNIT>Nos</UNIT>
    <QUANTITY>50</QUANTITY>
   </ACTUALQTY>
   <BILLEDQTY>
    <UNIT>Nos</UNIT>
    <QUANTITY>50</QUANTITY>
   </BILLEDQTY>
   <AMOUNT>
    <AMOUNT>450000</AMOUNT>
    <CURRENCY>₹</CURRENCY>
    <FOREXSYMBOL>- * -</FOREXSYMBOL>
    <ISDEBIT>false</ISDEBIT>
   </AMOUNT>
   <BATCHALLOCATIONS.LIST>
    <TRACKINGNUMBER>Not Applicable</TRACKINGNUMBER>
    <ORDERNO>Not Applicable</ORDERNO>
    <GODOWNNAME>Stores</GODOWNNAME>
    <BATCHNAME>Primary Batch</BATCHNAME>
    <AMOUNT>
     <AMOUNT>450000</AMOUNT>
     <CURRENCY>₹</CURRENCY>
     <FOREXSYMBOL>- * -</FOREXSYMBOL>
     <ISDEBIT>false</ISDEBIT>
    </AMOUNT>
    <ACTUALQTY>
     <UNIT>Nos</UNIT>
     <QUANTITY>50</QUANTITY>
    </ACTUALQTY>
    <BILLEDQTY>
     <UNIT>Nos</UNIT>
     <QUANTITY>50</QUANTITY>
    </BILLEDQTY>
   </BATCHALLOCATIONS.LIST>
   <ACCOUNTINGALLOCATIONS.LIST>
    <INDEXNUMBER>1</INDEXNUMBER>
    <LEDGERNAME>Cash Sales</LEDGERNAME>
    <VCHLEDGERTYPE>Others</VCHLEDGERTYPE>
    <ISDEEMEDPOSITIVE>false</ISDEEMEDPOSITIVE>
    <AMOUNT>
     <AMOUNT>450000</AMOUNT>
     <CURRENCY>₹</CURRENCY>
     <FOREXSYMBOL>- * -</FOREXSYMBOL>
     <ISDEBIT>false</ISDEBIT>
    </AMOUNT>
   </ACCOUNTINGALLOCATIONS.LIST>
  </ALLINVENTORYENTRIES.LIST>
 </VOUCHER>
 <VOUCHER>
  <GUID>52889497-5b6b-403d-8f83-224e3c7759b4-00001274</GUID>
  <REMOTEALTGUID>52889497-5b6b-403d-8f83-224e3c7759b4</REMOTEALTGUID>
  <MASTERID>4724</MASTERID>
  <ALTERID>7164</ALTERID>
  <ENTEREDBY>A</ENTEREDBY>
  <DATE>2010-06-01</DATE>
  <EFFECTIVEDATE>2010-06-01</EFFECTIVEDATE>
  <VOUCHERTYPENAME>Sales</VOUCHERTYPENAME>
  <PERSISTEDVIEW>InvoiceVoucherView</PERSISTEDVIEW>
  <VCHGSTCLASS>Not Applicable</VCHGSTCLASS>
  <ISCOSTCENTRE>false</ISCOSTCENTRE>
  <ISINVOICE>true</ISINVOICE>
  <VOUCHERNUMBER>26</VOUCHERNUMBER>
  <ISOPTIONAL>false</ISOPTIONAL>
  <NARRATION>Being Computer Accessories sold.</NARRATION>
  <BASICDUEDATEOFPYMT>30 Days</BASICDUEDATEOFPYMT>
  <PARTYNAME>Mr.Arvind Kumar</PARTYNAME>
  <VOUCHERNUMBERSERIES>Default</VOUCHERNUMBERSERIES>
  <GSTREGISTRATION>Not Applicable</GSTREGISTRATION>
  <BASICBUYERNAME>Mr.Arvind Kumar</BASICBUYERNAME>
  <ISCANCELLED>false</ISCANCELLED>
  <OVRDNEWAYBILLAPPLICABILITY>false</OVRDNEWAYBILLAPPLICABILITY>
  <LEDGERENTRIES.LIST>
   <INDEXNUMBER>1</INDEXNUMBER>
   <LEDGERNAME>Arvind Kumar</LEDGERNAME>
   <VCHLEDGERTYPE>Others</VCHLEDGERTYPE>
   <ISDEEMEDPOSITIVE>true</ISDEEMEDPOSITIVE>
   <ISPARTYLEDGER>true</ISPARTYLEDGER>
   <AMOUNT>
    <AMOUNT>81692</AMOUNT>
    <CURRENCY>₹</CURRENCY>
    <FOREXSYMBOL>- * -</FOREXSYMBOL>
    <ISDEBIT>true</ISDEBIT>
   </AMOUNT>
   <BILLALLOCATIONS.LIST>
    <BILLTYPE>NewRef</BILLTYPE>
    <NAME>10</NAME>
    <BILLCREDITPERIOD>
     <DUEONDATE>2010-07-01</DUEONDATE>
     <INDAYS>30</INDAYS>
     <INTEXT>30 Days</INTEXT>
    </BILLCREDITPERIOD>
    <AMOUNT>
     <AMOUNT>81692</AMOUNT>
     <CURRENCY>₹</CURRENCY>
     <FOREXSYMBOL>- * -</FOREXSYMBOL>
     <ISDEBIT>true</ISDEBIT>
    </AMOUNT>
   </BILLALLOCATIONS.LIST>
  </LEDGERENTRIES.LIST>
  <LEDGERENTRIES.LIST>
   <INDEXNUMBER>2</INDEXNUMBER>
   <LEDGERNAME>Output VAT @ 4%</LEDGERNAME>
   <LEDGERTAXTYPE>On VAT Rate</LEDGERTAXTYPE>
   <VCHLEDGERTYPE>VAT</VCHLEDGERTYPE>
   <ISDEEMEDPOSITIVE>false</ISDEEMEDPOSITIVE>
   <ISPARTYLEDGER>false</ISPARTYLEDGER>
   <AMOUNT>
    <AMOUNT>3142</AMOUNT>
    <CURRENCY>₹</CURRENCY>
    <FOREXSYMBOL>- * -</FOREXSYMBOL>
    <ISDEBIT>false</ISDEBIT>
   </AMOUNT>
  </LEDGERENTRIES.LIST>
  <ALLINVENTORYENTRIES.LIST>
   <INDEXNUMBER>1</INDEXNUMBER>
   <STOCKITEMNAME>Wireless Keyboard</STOCKITEMNAME>
   <ISSCRAP>false</ISSCRAP>
   <DISCOUNT>0</DISCOUNT>
   <ISDEEMEDPOSITIVE>false</ISDEEMEDPOSITIVE>
   <BASICUSERDESCRIPTION.LIST>
    <BASICUSERDESCRIPTION></BASICUSERDESCRIPTION>
   </BASICUSERDESCRIPTION.LIST>
   <RATE>
    <BASERATE>850.00</BASERATE>
    <FOREXRATE>850</FOREXRATE>
    <UNIT>Nos</UNIT>
   </RATE>
   <ACTUALQTY>
    <UNIT>Nos</UNIT>
    <QUANTITY>63</QUANTITY>
   </ACTUALQTY>
   <BILLEDQTY>
    <UNIT>Nos</UNIT>
    <QUANTITY>63</QUANTITY>
   </BILLEDQTY>
   <AMOUNT>
    <AMOUNT>53550</AMOUNT>
    <CURRENCY>₹</CURRENCY>
    <FOREXSYMBOL>- * -</FOREXSYMBOL>
    <ISDEBIT>false</ISDEBIT>
   </AMOUNT>
   <BATCHALLOCATIONS.LIST>
    <TRACKINGNUMBER>Not Applicable</TRACKINGNUMBER>
    <ORDERNO>Not Applicable</ORDERNO>
    <GODOWNNAME>Stores</GODOWNNAME>
    <BATCHNAME>Primary Batch</BATCHNAME>
    <AMOUNT>
     <AMOUNT>53550</AMOUNT>
     <CURRENCY>₹</CURRENCY>
     <FOREXSYMBOL>- * -</FOREXSYMBOL>
     <ISDEBIT>false</ISDEBIT>
    </AMOUNT>
    <ACTUALQTY>
     <UNIT>Nos</UNIT>
     <QUANTITY>63</QUANTITY>
    </ACTUALQTY>
    <BILLEDQTY>
     <UNIT>Nos</UNIT>
     <QUANTITY>63</QUANTITY>
    </BILLEDQTY>
   </BATCHALLOCATIONS.LIST>
   <ACCOUNTINGALLOCATIONS.LIST>
    <INDEXNUMBER>1</INDEXNUMBER>
    <LEDGERNAME>Advertisement Charges</LEDGERNAME>
    <VCHLEDGERTYPE>Others</VCHLEDGERTYPE>
    <ISDEEMEDPOSITIVE>false</ISDEEMEDPOSITIVE>
    <AMOUNT>
     <AMOUNT>53550</AMOUNT>
     <CURRENCY>₹</CURRENCY>
     <FOREXSYMBOL>- * -</FOREXSYMBOL>
     <ISDEBIT>false</ISDEBIT>
    </AMOUNT>
   </ACCOUNTINGALLOCATIONS.LIST>
  </ALLINVENTORYENTRIES.LIST>
  <ALLINVENTORYENTRIES.LIST>
   <INDEXNUMBER>2</INDEXNUMBER>
   <STOCKITEMNAME>Wireless Mouse</STOCKITEMNAME>
   <ISSCRAP>false</ISSCRAP>
   <DISCOUNT>0</DISCOUNT>
   <ISDEEMEDPOSITIVE>false</ISDEEMEDPOSITIVE>
   <BASICUSERDESCRIPTION.LIST>
    <BASICUSERDESCRIPTION></BASICUSERDESCRIPTION>
   </BASICUSERDESCRIPTION.LIST>
   <RATE>
    <BASERATE>500.00</BASERATE>
    <FOREXRATE>500</FOREXRATE>
    <UNIT>Nos</UNIT>
   </RATE>
   <ACTUALQTY>
    <UNIT>Nos</UNIT>
    <QUANTITY>50</QUANTITY>
   </ACTUALQTY>
   <BILLEDQTY>
    <UNIT>Nos</UNIT>
    <QUANTITY>50</QUANTITY>
   </BILLEDQTY>
   <AMOUNT>
    <AMOUNT>25000</AMOUNT>
    <CURRENCY>₹</CURRENCY>
    <FOREXSYMBOL>- * -</FOREXSYMBOL>
    <ISDEBIT>false</ISDEBIT>
   </AMOUNT>
   <BATCHALLOCATIONS.LIST>
    <TRACKINGNUMBER>Not Applicable</TRACKINGNUMBER>
    <ORDERNO>Not Applicable</ORDERNO>
    <GODOWNNAME>Stores</GODOWNNAME>
    <BATCHNAME>Primary Batch</BATCHNAME>
    <AMOUNT>
     <AMOUNT>25000</AMOUNT>
     <CURRENCY>₹</CURRENCY>
     <FOREXSYMBOL>- * -</FOREXSYMBOL>
     <ISDEBIT>false</ISDEBIT>
    </AMOUNT>
    <ACTUALQTY>
     <UNIT>Nos</UNIT>
     <QUANTITY>50</QUANTITY>
    </ACTUALQTY>
    <BILLEDQTY>
     <UNIT>Nos</UNIT>
     <QUANTITY>50</QUANTITY>
    </BILLEDQTY>
   </BATCHALLOCATIONS.LIST>
   <ACCOUNTINGALLOCATIONS.LIST>
    <INDEXNUMBER>2</INDEXNUMBER>
    <LEDGERNAME>Advertisement Charges</LEDGERNAME>
    <VCHLEDGERTYPE>Others</VCHLEDGERTYPE>
    <ISDEEMEDPOSITIVE>false</ISDEEMEDPOSITIVE>
    <AMOUNT>
     <AMOUNT>25000</AMOUNT>
     <CURRENCY>₹</CURRENCY>
     <FOREXSYMBOL>- * -</FOREXSYMBOL>
     <ISDEBIT>false</ISDEBIT>
    </AMOUNT>
   </ACCOUNTINGALLOCATIONS.LIST>
  </ALLINVENTORYENTRIES.LIST>
 </VOUCHER>
 <VOUCHER>
  <GUID>52889497-5b6b-403d-8f83-224e3c7759b4-00001276</GUID>
  <REMOTEALTGUID>52889497-5b6b-403d-8f83-224e3c7759b4</REMOTEALTGUID>
  <MASTERID>4726</MASTERID>
  <ALTERID>8167</ALTERID>
  <ENTEREDBY>A</ENTEREDBY>
  <DATE>2010-06-09</DATE>
  <EFFECTIVEDATE>2010-06-09</EFFECTIVEDATE>
  <VOUCHERTYPENAME>Sales</VOUCHERTYPENAME>
  <PERSISTEDVIEW>InvoiceVoucherView</PERSISTEDVIEW>
  <VCHGSTCLASS>Not Applicable</VCHGSTCLASS>
  <ISCOSTCENTRE>false</ISCOSTCENTRE>
  <ISINVOICE>true</ISINVOICE>
  <VOUCHERNUMBER>27</VOUCHERNUMBER>
  <ISOPTIONAL>false</ISOPTIONAL>
  <PARTYNAME>Janata Timbers</PARTYNAME>
  <VOUCHERNUMBERSERIES>Default</VOUCHERNUMBERSERIES>
  <GSTREGISTRATION>Not Applicable</GSTREGISTRATION>
  <BASICBUYERNAME>Janata Timbers</BASICBUYERNAME>
  <ISCANCELLED>false</ISCANCELLED>
  <OVRDNEWAYBILLAPPLICABILITY>false</OVRDNEWAYBILLAPPLICABILITY>
  <LEDGERENTRIES.LIST>
   <INDEXNUMBER>1</INDEXNUMBER>
   <LEDGERNAME>Janata Timbers</LEDGERNAME>
   <VCHLEDGERTYPE>Others</VCHLEDGERTYPE>
   <ISDEEMEDPOSITIVE>true</ISDEEMEDPOSITIVE>
   <ISPARTYLEDGER>true</ISPARTYLEDGER>
   <AMOUNT>
    <AMOUNT>333500</AMOUNT>
    <CURRENCY>₹</CURRENCY>
    <FOREXSYMBOL>- * -</FOREXSYMBOL>
    <ISDEBIT>true</ISDEBIT>
   </AMOUNT>
   <BILLALLOCATIONS.LIST>
    <BILLTYPE>NewRef</BILLTYPE>
    <NAME>9</NAME>
    <AMOUNT>
     <AMOUNT>333500</AMOUNT>
     <CURRENCY>₹</CURRENCY>
     <FOREXSYMBOL>- * -</FOREXSYMBOL>
     <ISDEBIT>true</ISDEBIT>
    </AMOUNT>
   </BILLALLOCATIONS.LIST>
  </LEDGERENTRIES.LIST>
  <LEDGERENTRIES.LIST>
   <INDEXNUMBER>2</INDEXNUMBER>
   <LEDGERNAME>TCS @ 2.5%</LEDGERNAME>
   <VCHLEDGERTYPE>TCS</VCHLEDGERTYPE>
   <ISDEEMEDPOSITIVE>false</ISDEEMEDPOSITIVE>
   <ISPARTYLEDGER>false</ISPARTYLEDGER>
   <AMOUNT>
    <AMOUNT>7250</AMOUNT>
    <CURRENCY>₹</CURRENCY>
    <FOREXSYMBOL>- * -</FOREXSYMBOL>
    <ISDEBIT>false</ISDEBIT>
   </AMOUNT>
  </LEDGERENTRIES.LIST>
  <LEDGERENTRIES.LIST>
   <INDEXNUMBER>3</INDEXNUMBER>
   <LEDGERNAME>Output VAT @ 12.5%</LEDGERNAME>
   <LEDGERTAXTYPE>On VAT Rate</LEDGERTAXTYPE>
   <VCHLEDGERTYPE>VAT</VCHLEDGERTYPE>
   <ISDEEMEDPOSITIVE>false</ISDEEMEDPOSITIVE>
   <ISPARTYLEDGER>false</ISPARTYLEDGER>
   <AMOUNT>
    <AMOUNT>36250</AMOUNT>
    <CURRENCY>₹</CURRENCY>
    <FOREXSYMBOL>- * -</FOREXSYMBOL>
    <ISDEBIT>false</ISDEBIT>
   </AMOUNT>
  </LEDGERENTRIES.LIST>
  <ALLINVENTORYENTRIES.LIST>
   <INDEXNUMBER>1</INDEXNUMBER>
   <STOCKITEMNAME>Timber</STOCKITEMNAME>
   <ISSCRAP>false</ISSCRAP>
   <DISCOUNT>0</DISCOUNT>
   <ISDEEMEDPOSITIVE>false</ISDEEMEDPOSITIVE>
   <BASICUSERDESCRIPTION.LIST>
    <BASICUSERDESCRIPTION></BASICUSERDESCRIPTION>
   </BASICUSERDESCRIPTION.LIST>
   <RATE>
    <BASERATE>7250.00</BASERATE>
    <FOREXRATE>7250</FOREXRATE>
    <UNIT>MT</UNIT>
   </RATE>
   <ACTUALQTY>
    <UNIT>MT</UNIT>
    <QUANTITY>40</QUANTITY>
   </ACTUALQTY>
   <BILLEDQTY>
    <UNIT>MT</UNIT>
    <QUANTITY>40</QUANTITY>
   </BILLEDQTY>
   <AMOUNT>
    <AMOUNT>290000</AMOUNT>
    <CURRENCY>₹</CURRENCY>
    <FOREXSYMBOL>- * -</FOREXSYMBOL>
    <ISDEBIT>false</ISDEBIT>
   </AMOUNT>
   <BATCHALLOCATIONS.LIST>
    <TRACKINGNUMBER>Not Applicable</TRACKINGNUMBER>
    <ORDERNO>Not Applicable</ORDERNO>
    <GODOWNNAME>Assembly Floor</GODOWNNAME>
    <BATCHNAME>Primary Batch</BATCHNAME>
    <AMOUNT>
     <AMOUNT>290000</AMOUNT>
     <CURRENCY>₹</CURRENCY>
     <FOREXSYMBOL>- * -</FOREXSYMBOL>
     <ISDEBIT>false</ISDEBIT>
    </AMOUNT>
    <ACTUALQTY>
     <UNIT>MT</UNIT>
     <QUANTITY>40</QUANTITY>
    </ACTUALQTY>
    <BILLEDQTY>
     <UNIT>MT</UNIT>
     <QUANTITY>40</QUANTITY>
    </BILLEDQTY>
   </BATCHALLOCATIONS.LIST>
   <ACCOUNTINGALLOCATIONS.LIST>
    <INDEXNUMBER>1</INDEXNUMBER>
    <LEDGERNAME>Sales @ 12.5%</LEDGERNAME>
    <VCHLEDGERTYPE>Others</VCHLEDGERTYPE>
    <ISDEEMEDPOSITIVE>false</ISDEEMEDPOSITIVE>
    <AMOUNT>
     <AMOUNT>290000</AMOUNT>
     <CURRENCY>₹</CURRENCY>
     <FOREXSYMBOL>- * -</FOREXSYMBOL>
     <ISDEBIT>false</ISDEBIT>
    </AMOUNT>
   </ACCOUNTINGALLOCATIONS.LIST>
  </ALLINVENTORYENTRIES.LIST>
 </VOUCHER>
 <VOUCHER>
  <GUID>52889497-5b6b-403d-8f83-224e3c7759b4-00001142</GUID>
  <REMOTEALTGUID>52889497-5b6b-403d-8f83-224e3c7759b4</REMOTEALTGUID>
  <MASTERID>4418</MASTERID>
  <ALTERID>8163</ALTERID>
  <ENTEREDBY>A</ENTEREDBY>
  <DATE>2010-07-01</DATE>
  <EFFECTIVEDATE>2010-07-01</EFFECTIVEDATE>
  <VOUCHERTYPENAME>Sales</VOUCHERTYPENAME>
  <PERSISTEDVIEW>InvoiceVoucherView</PERSISTEDVIEW>
  <VCHGSTCLASS>Not Applicable</VCHGSTCLASS>
  <ISCOSTCENTRE>false</ISCOSTCENTRE>
  <ISINVOICE>true</ISINVOICE>
  <VOUCHERNUMBER>28</VOUCHERNUMBER>
  <ISOPTIONAL>false</ISOPTIONAL>
  <PARTYNAME>Cash</PARTYNAME>
  <VOUCHERNUMBERSERIES>Default</VOUCHERNUMBERSERIES>
  <GSTREGISTRATION>Not Applicable</GSTREGISTRATION>
  <BASICBUYERNAME>Cash</BASICBUYERNAME>
  <ISCANCELLED>false</ISCANCELLED>
  <OVRDNEWAYBILLAPPLICABILITY>false</OVRDNEWAYBILLAPPLICABILITY>
  <LEDGERENTRIES.LIST>
   <INDEXNUMBER>1</INDEXNUMBER>
   <LEDGERNAME>Cash</LEDGERNAME>
   <VCHLEDGERTYPE>Others</VCHLEDGERTYPE>
   <ISDEEMEDPOSITIVE>true</ISDEEMEDPOSITIVE>
   <ISPARTYLEDGER>true</ISPARTYLEDGER>
   <AMOUNT>
    <AMOUNT>1040000</AMOUNT>
    <CURRENCY>₹</CURRENCY>
    <FOREXSYMBOL>- * -</FOREXSYMBOL>
    <ISDEBIT>true</ISDEBIT>
   </AMOUNT>
  </LEDGERENTRIES.LIST>
  <LEDGERENTRIES.LIST>
   <INDEXNUMBER>2</INDEXNUMBER>
   <LEDGERNAME>Output VAT @ 4%</LEDGERNAME>
   <LEDGERTAXTYPE>On VAT Rate</LEDGERTAXTYPE>
   <VCHLEDGERTYPE>VAT</VCHLEDGERTYPE>
   <ISDEEMEDPOSITIVE>false</ISDEEMEDPOSITIVE>
   <ISPARTYLEDGER>false</ISPARTYLEDGER>
   <AMOUNT>
    <AMOUNT>40000</AMOUNT>
    <CURRENCY>₹</CURRENCY>
    <FOREXSYMBOL>- * -</FOREXSYMBOL>
    <ISDEBIT>false</ISDEBIT>
   </AMOUNT>
  </LEDGERENTRIES.LIST>
  <ALLINVENTORYENTRIES.LIST>
   <INDEXNUMBER>1</INDEXNUMBER>
   <STOCKITEMNAME>Pentium - IV Processor</STOCKITEMNAME>
   <ISSCRAP>false</ISSCRAP>
   <DISCOUNT>0</DISCOUNT>
   <ISDEEMEDPOSITIVE>false</ISDEEMEDPOSITIVE>
   <BASICUSERDESCRIPTION.LIST>
    <BASICUSERDESCRIPTION></BASICUSERDESCRIPTION>
   </BASICUSERDESCRIPTION.LIST>
   <RATE>
    <BASERATE>10000.00</BASERATE>
    <FOREXRATE>10000</FOREXRATE>
    <UNIT>Nos</UNIT>
   </RATE>
   <ACTUALQTY>
    <UNIT>Nos</UNIT>
    <QUANTITY>100</QUANTITY>
   </ACTUALQTY>
   <BILLEDQTY>
    <UNIT>Nos</UNIT>
    <QUANTITY>100</QUANTITY>
   </BILLEDQTY>
   <AMOUNT>
    <AMOUNT>1000000</AMOUNT>
    <CURRENCY>₹</CURRENCY>
    <FOREXSYMBOL>- * -</FOREXSYMBOL>
    <ISDEBIT>false</ISDEBIT>
   </AMOUNT>
   <BATCHALLOCATIONS.LIST>
    <TRACKINGNUMBER>Not Applicable</TRACKINGNUMBER>
    <ORDERNO>Not Applicable</ORDERNO>
    <GODOWNNAME>Stores</GODOWNNAME>
    <BATCHNAME>Primary Batch</BATCHNAME>
    <AMOUNT>
     <AMOUNT>1000000</AMOUNT>
     <CURRENCY>₹</CURRENCY>
     <FOREXSYMBOL>- * -</FOREXSYMBOL>
     <ISDEBIT>false</ISDEBIT>
    </AMOUNT>
    <ACTUALQTY>
     <UNIT>Nos</UNIT>
     <QUANTITY>100</QUANTITY>
    </ACTUALQTY>
    <BILLEDQTY>
     <UNIT>Nos</UNIT>
     <QUANTITY>100</QUANTITY>
    </BILLEDQTY>
   </BATCHALLOCATIONS.LIST>
   <ACCOUNTINGALLOCATIONS.LIST>
    <INDEXNUMBER>1</INDEXNUMBER>
    <LEDGERNAME>Cash Sales</LEDGERNAME>
    <VCHLEDGERTYPE>Others</VCHLEDGERTYPE>
    <ISDEEMEDPOSITIVE>false</ISDEEMEDPOSITIVE>
    <AMOUNT>
     <AMOUNT>1000000</AMOUNT>
     <CURRENCY>₹</CURRENCY>
     <FOREXSYMBOL>- * -</FOREXSYMBOL>
     <ISDEBIT>false</ISDEBIT>
    </AMOUNT>
   </ACCOUNTINGALLOCATIONS.LIST>
  </ALLINVENTORYENTRIES.LIST>
 </VOUCHER>
 <VOUCHER>
  <GUID>52889497-5b6b-403d-8f83-224e3c7759b4-00001262</GUID>
  <REMOTEALTGUID>52889497-5b6b-403d-8f83-224e3c7759b4</REMOTEALTGUID>
  <MASTERID>4706</MASTERID>
  <ALTERID>7153</ALTERID>
  <ENTEREDBY>A</ENTEREDBY>
  <DATE>2010-07-01</DATE>
  <EFFECTIVEDATE>2010-07-01</EFFECTIVEDATE>
  <REFERENCE>15</REFERENCE>
  <VOUCHERTYPENAME>Sales</VOUCHERTYPENAME>
  <PERSISTEDVIEW>InvoiceVoucherView</PERSISTEDVIEW>
  <VCHGSTCLASS>Not Applicable</VCHGSTCLASS>
  <ISCOSTCENTRE>false</ISCOSTCENTRE>
  <ISINVOICE>true</ISINVOICE>
  <VOUCHERNUMBER>29</VOUCHERNUMBER>
  <ISOPTIONAL>false</ISOPTIONAL>
  <NARRATION>this is sales voucher no 18</NARRATION>
  <PARTYNAME>ABC Ltd</PARTYNAME>
  <VOUCHERNUMBERSERIES>Default</VOUCHERNUMBERSERIES>
  <GSTREGISTRATION>Not Applicable</GSTREGISTRATION>
  <BASICBUYERNAME>ABC Ltd</BASICBUYERNAME>
  <ISCANCELLED>false</ISCANCELLED>
  <OVRDNEWAYBILLAPPLICABILITY>false</OVRDNEWAYBILLAPPLICABILITY>
  <LEDGERENTRIES.LIST>
   <INDEXNUMBER>1</INDEXNUMBER>
   <LEDGERNAME>ABC India Pvt. Ltd.</LEDGERNAME>
   <VCHLEDGERTYPE>Others</VCHLEDGERTYPE>
   <ISDEEMEDPOSITIVE>true</ISDEEMEDPOSITIVE>
   <ISPARTYLEDGER>true</ISPARTYLEDGER>
   <AMOUNT>
    <AMOUNT>125000</AMOUNT>
    <CURRENCY>₹</CURRENCY>
    <FOREXSYMBOL>- * -</FOREXSYMBOL>
    <ISDEBIT>true</ISDEBIT>
   </AMOUNT>
   <BILLALLOCATIONS.LIST>
    <BILLTYPE>AgstRef</BILLTYPE>
    <NAME>18</NAME>
    <AMOUNT>
     <AMOUNT>125000</AMOUNT>
     <CURRENCY>₹</CURRENCY>
     <FOREXSYMBOL>- * -</FOREXSYMBOL>
     <ISDEBIT>true</ISDEBIT>
    </AMOUNT>
   </BILLALLOCATIONS.LIST>
  </LEDGERENTRIES.LIST>
  <ALLINVENTORYENTRIES.LIST>
   <INDEXNUMBER>1</INDEXNUMBER>
   <STOCKITEMNAME>Assembled PIV</STOCKITEMNAME>
   <ISSCRAP>false</ISSCRAP>
   <DISCOUNT>0</DISCOUNT>
   <ISDEEMEDPOSITIVE>false</ISDEEMEDPOSITIVE>
   <BASICUSERDESCRIPTION.LIST>
    <BASICUSERDESCRIPTION></BASICUSERDESCRIPTION>
   </BASICUSERDESCRIPTION.LIST>
   <RATE>
    <BASERATE>25000.00</BASERATE>
    <FOREXRATE>25000</FOREXRATE>
    <UNIT>Nos</UNIT>
   </RATE>
   <ACTUALQTY>
    <UNIT>Nos</UNIT>
    <QUANTITY>5</QUANTITY>
   </ACTUALQTY>
   <BILLEDQTY>
    <UNIT>Nos</UNIT>
    <QUANTITY>5</QUANTITY>
   </BILLEDQTY>
   <AMOUNT>
    <AMOUNT>125000</AMOUNT>
    <CURRENCY>₹</CURRENCY>
    <FOREXSYMBOL>- * -</FOREXSYMBOL>
    <ISDEBIT>false</ISDEBIT>
   </AMOUNT>
   <BATCHALLOCATIONS.LIST>
    <TRACKINGNUMBER>Not Applicable</TRACKINGNUMBER>
    <ORDERNO>15</ORDERNO>
    <GODOWNNAME>Assembly Floor</GODOWNNAME>
    <BATCHNAME>Primary Batch</BATCHNAME>
    <ORDERDUEDATE>
     <DUEONDATE>2009-05-31</DUEONDATE>
     <INDAYS>60</INDAYS>
     <INTEXT>31-May-2009</INTEXT>
    </ORDERDUEDATE>
    <AMOUNT>
     <AMOUNT>125000</AMOUNT>
     <CURRENCY>₹</CURRENCY>
     <FOREXSYMBOL>- * -</FOREXSYMBOL>
     <ISDEBIT>false</ISDEBIT>
    </AMOUNT>
    <ACTUALQTY>
     <UNIT>Nos</UNIT>
     <QUANTITY>5</QUANTITY>
    </ACTUALQTY>
    <BILLEDQTY>
     <UNIT>Nos</UNIT>
     <QUANTITY>5</QUANTITY>
    </BILLEDQTY>
   </BATCHALLOCATIONS.LIST>
   <ACCOUNTINGALLOCATIONS.LIST>
    <INDEXNUMBER>1</INDEXNUMBER>
    <LEDGERNAME>Advertisement Charges</LEDGERNAME>
    <VCHLEDGERTYPE>Others</VCHLEDGERTYPE>
    <ISDEEMEDPOSITIVE>false</ISDEEMEDPOSITIVE>
    <AMOUNT>
     <AMOUNT>125000</AMOUNT>
     <CURRENCY>₹</CURRENCY>
     <FOREXSYMBOL>- * -</FOREXSYMBOL>
     <ISDEBIT>false</ISDEBIT>
    </AMOUNT>
   </ACCOUNTINGALLOCATIONS.LIST>
  </ALLINVENTORYENTRIES.LIST>
 </VOUCHER>
 <VOUCHER>
  <GUID>52889497-5b6b-403d-8f83-224e3c7759b4-00001263</GUID>
  <REMOTEALTGUID>52889497-5b6b-403d-8f83-224e3c7759b4</REMOTEALTGUID>
  <MASTERID>4707</MASTERID>
  <ALTERID>7154</ALTERID>
  <ENTEREDBY>A</ENTEREDBY>
  <DATE>2010-07-01</DATE>
  <EFFECTIVEDATE>2010-07-01</EFFECTIVEDATE>
  <REFERENCE>16</REFERENCE>
  <VOUCHERTYPENAME>Sales</VOUCHERTYPENAME>
  <PERSISTEDVIEW>InvoiceVoucherView</PERSISTEDVIEW>
  <VCHGSTCLASS>Not Applicable</VCHGSTCLASS>
  <ISCOSTCENTRE>false</ISCOSTCENTRE>
  <ISINVOICE>true</ISINVOICE>
  <VOUCHERNUMBER>30</VOUCHERNUMBER>
  <ISOPTIONAL>false</ISOPTIONAL>
  <PARTYNAME>ABC Ltd</PARTYNAME>
  <VOUCHERNUMBERSERIES>Default</VOUCHERNUMBERSERIES>
  <GSTREGISTRATION>Not Applicable</GSTREGISTRATION>
  <BASICBUYERNAME>ABC Ltd</BASICBUYERNAME>
  <ISCANCELLED>false</ISCANCELLED>
  <OVRDNEWAYBILLAPPLICABILITY>false</OVRDNEWAYBILLAPPLICABILITY>
  <LEDGERENTRIES.LIST>
   <INDEXNUMBER>1</INDEXNUMBER>
   <LEDGERNAME>ABC India Pvt. Ltd.</LEDGERNAME>
   <VCHLEDGERTYPE>Others</VCHLEDGERTYPE>
   <ISDEEMEDPOSITIVE>true</ISDEEMEDPOSITIVE>
   <ISPARTYLEDGER>true</ISPARTYLEDGER>
   <AMOUNT>
    <AMOUNT>125000</AMOUNT>
    <CURRENCY>₹</CURRENCY>
    <FOREXSYMBOL>- * -</FOREXSYMBOL>
    <ISDEBIT>true</ISDEBIT>
   </AMOUNT>
   <BILLALLOCATIONS.LIST>
    <BILLTYPE>AgstRef</BILLTYPE>
    <NAME>20</NAME>
    <AMOUNT>
     <AMOUNT>125000</AMOUNT>
     <CURRENCY>₹</CURRENCY>
     <FOREXSYMBOL>- * -</FOREXSYMBOL>
     <ISDEBIT>true</ISDEBIT>
    </AMOUNT>
   </BILLALLOCATIONS.LIST>
  </LEDGERENTRIES.LIST>
  <ALLINVENTORYENTRIES.LIST>
   <INDEXNUMBER>1</INDEXNUMBER>
   <STOCKITEMNAME>Assembled PIV</STOCKITEMNAME>
   <ISSCRAP>false</ISSCRAP>
   <DISCOUNT>0</DISCOUNT>
   <ISDEEMEDPOSITIVE>false</ISDEEMEDPOSITIVE>
   <BASICUSERDESCRIPTION.LIST>
    <BASICUSERDESCRIPTION></BASICUSERDESCRIPTION>
   </BASICUSERDESCRIPTION.LIST>
   <RATE>
    <BASERATE>25000.00</BASERATE>
    <FOREXRATE>25000</FOREXRATE>
    <UNIT>Nos</UNIT>
   </RATE>
   <ACTUALQTY>
    <UNIT>Nos</UNIT>
    <QUANTITY>5</QUANTITY>
   </ACTUALQTY>
   <BILLEDQTY>
    <UNIT>Nos</UNIT>
    <QUANTITY>5</QUANTITY>
   </BILLEDQTY>
   <AMOUNT>
    <AMOUNT>125000</AMOUNT>
    <CURRENCY>₹</CURRENCY>
    <FOREXSYMBOL>- * -</FOREXSYMBOL>
    <ISDEBIT>false</ISDEBIT>
   </AMOUNT>
   <BATCHALLOCATIONS.LIST>
    <TRACKINGNUMBER>Not Applicable</TRACKINGNUMBER>
    <ORDERNO>16</ORDERNO>
    <GODOWNNAME>Assembly Floor</GODOWNNAME>
    <BATCHNAME>Primary Batch</BATCHNAME>
    <ORDERDUEDATE>
     <DUEONDATE>2009-05-31</DUEONDATE>
     <INDAYS>60</INDAYS>
     <INTEXT>31-May-2009</INTEXT>
    </ORDERDUEDATE>
    <AMOUNT>
     <AMOUNT>125000</AMOUNT>
     <CURRENCY>₹</CURRENCY>
     <FOREXSYMBOL>- * -</FOREXSYMBOL>
     <ISDEBIT>false</ISDEBIT>
    </AMOUNT>
    <ACTUALQTY>
     <UNIT>Nos</UNIT>
     <QUANTITY>5</QUANTITY>
    </ACTUALQTY>
    <BILLEDQTY>
     <UNIT>Nos</UNIT>
     <QUANTITY>5</QUANTITY>
    </BILLEDQTY>
   </BATCHALLOCATIONS.LIST>
   <ACCOUNTINGALLOCATIONS.LIST>
    <INDEXNUMBER>1</INDEXNUMBER>
    <LEDGERNAME>Advertisement Charges</LEDGERNAME>
    <VCHLEDGERTYPE>Others</VCHLEDGERTYPE>
    <ISDEEMEDPOSITIVE>false</ISDEEMEDPOSITIVE>
    <AMOUNT>
     <AMOUNT>125000</AMOUNT>
     <CURRENCY>₹</CURRENCY>
     <FOREXSYMBOL>- * -</FOREXSYMBOL>
     <ISDEBIT>false</ISDEBIT>
    </AMOUNT>
   </ACCOUNTINGALLOCATIONS.LIST>
  </ALLINVENTORYENTRIES.LIST>
 </VOUCHER>
 <VOUCHER>
  <GUID>52889497-5b6b-403d-8f83-224e3c7759b4-00001264</GUID>
  <REMOTEALTGUID>52889497-5b6b-403d-8f83-224e3c7759b4</REMOTEALTGUID>
  <MASTERID>4708</MASTERID>
  <ALTERID>7155</ALTERID>
  <ENTEREDBY>A</ENTEREDBY>
  <DATE>2010-07-01</DATE>
  <EFFECTIVEDATE>2010-07-01</EFFECTIVEDATE>
  <REFERENCE>17</REFERENCE>
  <VOUCHERTYPENAME>Sales</VOUCHERTYPENAME>
  <PERSISTEDVIEW>InvoiceVoucherView</PERSISTEDVIEW>
  <VCHGSTCLASS>Not Applicable</VCHGSTCLASS>
  <ISCOSTCENTRE>false</ISCOSTCENTRE>
  <ISINVOICE>true</ISINVOICE>
  <VOUCHERNUMBER>31</VOUCHERNUMBER>
  <ISOPTIONAL>false</ISOPTIONAL>
  <PARTYNAME>ABC Ltd</PARTYNAME>
  <VOUCHERNUMBERSERIES>Default</VOUCHERNUMBERSERIES>
  <GSTREGISTRATION>Not Applicable</GSTREGISTRATION>
  <BASICBUYERNAME>ABC Ltd</BASICBUYERNAME>
  <ISCANCELLED>false</ISCANCELLED>
  <OVRDNEWAYBILLAPPLICABILITY>false</OVRDNEWAYBILLAPPLICABILITY>
  <LEDGERENTRIES.LIST>
   <INDEXNUMBER>1</INDEXNUMBER>
   <LEDGERNAME>ABC India Pvt. Ltd.</LEDGERNAME>
   <VCHLEDGERTYPE>Others</VCHLEDGERTYPE>
   <ISDEEMEDPOSITIVE>true</ISDEEMEDPOSITIVE>
   <ISPARTYLEDGER>true</ISPARTYLEDGER>
   <AMOUNT>
    <AMOUNT>500000</AMOUNT>
    <CURRENCY>₹</CURRENCY>
    <FOREXSYMBOL>- * -</FOREXSYMBOL>
    <ISDEBIT>true</ISDEBIT>
   </AMOUNT>
   <BILLALLOCATIONS.LIST>
    <BILLTYPE>AgstRef</BILLTYPE>
    <NAME>BILL</NAME>
    <AMOUNT>
     <AMOUNT>500000</AMOUNT>
     <CURRENCY>₹</CURRENCY>
     <FOREXSYMBOL>- * -</FOREXSYMBOL>
     <ISDEBIT>true</ISDEBIT>
    </AMOUNT>
   </BILLALLOCATIONS.LIST>
  </LEDGERENTRIES.LIST>
  <ALLINVENTORYENTRIES.LIST>
   <INDEXNUMBER>1</INDEXNUMBER>
   <STOCKITEMNAME>Assembled PIV</STOCKITEMNAME>
   <ISSCRAP>false</ISSCRAP>
   <DISCOUNT>0</DISCOUNT>
   <ISDEEMEDPOSITIVE>false</ISDEEMEDPOSITIVE>
   <BASICUSERDESCRIPTION.LIST>
    <BASICUSERDESCRIPTION></BASICUSERDESCRIPTION>
   </BASICUSERDESCRIPTION.LIST>
   <RATE>
    <BASERATE>25000.00</BASERATE>
    <FOREXRATE>25000</FOREXRATE>
    <UNIT>Nos</UNIT>
   </RATE>
   <ACTUALQTY>
    <UNIT>Nos</UNIT>
    <QUANTITY>20</QUANTITY>
   </ACTUALQTY>
   <BILLEDQTY>
    <UNIT>Nos</UNIT>
    <QUANTITY>20</QUANTITY>
   </BILLEDQTY>
   <AMOUNT>
    <AMOUNT>500000</AMOUNT>
    <CURRENCY>₹</CURRENCY>
    <FOREXSYMBOL>- * -</FOREXSYMBOL>
    <ISDEBIT>false</ISDEBIT>
   </AMOUNT>
   <BATCHALLOCATIONS.LIST>
    <TRACKINGNUMBER>Not Applicable</TRACKINGNUMBER>
    <ORDERNO>17</ORDERNO>
    <GODOWNNAME>Assembly Floor</GODOWNNAME>
    <BATCHNAME>Primary Batch</BATCHNAME>
    <ORDERDUEDATE>
     <DUEONDATE>2009-05-31</DUEONDATE>
     <INDAYS>60</INDAYS>
     <INTEXT>31-May-2009</INTEXT>
    </ORDERDUEDATE>
    <AMOUNT>
     <AMOUNT>500000</AMOUNT>
     <CURRENCY>₹</CURRENCY>
     <FOREXSYMBOL>- * -</FOREXSYMBOL>
     <ISDEBIT>false</ISDEBIT>
    </AMOUNT>
    <ACTUALQTY>
     <UNIT>Nos</UNIT>
     <QUANTITY>20</QUANTITY>
    </ACTUALQTY>
    <BILLEDQTY>
     <UNIT>Nos</UNIT>
     <QUANTITY>20</QUANTITY>
    </BILLEDQTY>
   </BATCHALLOCATIONS.LIST>
   <ACCOUNTINGALLOCATIONS.LIST>
    <INDEXNUMBER>1</INDEXNUMBER>
    <LEDGERNAME>Cash Sales</LEDGERNAME>
    <VCHLEDGERTYPE>Others</VCHLEDGERTYPE>
    <ISDEEMEDPOSITIVE>false</ISDEEMEDPOSITIVE>
    <AMOUNT>
     <AMOUNT>500000</AMOUNT>
     <CURRENCY>₹</CURRENCY>
     <FOREXSYMBOL>- * -</FOREXSYMBOL>
     <ISDEBIT>false</ISDEBIT>
    </AMOUNT>
   </ACCOUNTINGALLOCATIONS.LIST>
  </ALLINVENTORYENTRIES.LIST>
 </VOUCHER>
 <VOUCHER>
  <GUID>52889497-5b6b-403d-8f83-224e3c7759b4-00001265</GUID>
  <REMOTEALTGUID>52889497-5b6b-403d-8f83-224e3c7759b4</REMOTEALTGUID>
  <MASTERID>4709</MASTERID>
  <ALTERID>7156</ALTERID>
  <ENTEREDBY>A</ENTEREDBY>
  <DATE>2010-07-01</DATE>
  <EFFECTIVEDATE>2010-07-01</EFFECTIVEDATE>
  <VOUCHERTYPENAME>Sales</VOUCHERTYPENAME>
  <PERSISTEDVIEW>AccountingVoucherView</PERSISTEDVIEW>
  <VCHGSTCLASS>Not Applicable</VCHGSTCLASS>
  <ISCOSTCENTRE>false</ISCOSTCENTRE>
  <ISINVOICE>false</ISINVOICE>
  <VOUCHERNUMBER>32</VOUCHERNUMBER>
  <ISOPTIONAL>false</ISOPTIONAL>
  <PARTYNAME>ABC Ltd</PARTYNAME>
  <VOUCHERNUMBERSERIES>Default</VOUCHERNUMBERSERIES>
  <GSTREGISTRATION>Not Applicable</GSTREGISTRATION>
  <BASICBUYERNAME>ABC Ltd</BASICBUYERNAME>
  <ISCANCELLED>false</ISCANCELLED>
  <OVRDNEWAYBILLAPPLICABILITY>false</OVRDNEWAYBILLAPPLICABILITY>
  <ALLLEDGERENTRIES.LIST>
   <INDEXNUMBER>1</INDEXNUMBER>
   <LEDGERNAME>ABC India Pvt. Ltd.</LEDGERNAME>
   <VCHLEDGERTYPE>Others</VCHLEDGERTYPE>
   <ISDEEMEDPOSITIVE>true</ISDEEMEDPOSITIVE>
   <ISPARTYLEDGER>true</ISPARTYLEDGER>
   <AMOUNT>
    <AMOUNT>250000</AMOUNT>
    <CURRENCY>₹</CURRENCY>
    <FOREXSYMBOL>- * -</FOREXSYMBOL>
    <ISDEBIT>true</ISDEBIT>
   </AMOUNT>
   <BILLALLOCATIONS.LIST>
    <BILLTYPE>AgstRef</BILLTYPE>
    <NAME>1</NAME>
    <AMOUNT>
     <AMOUNT>250000</AMOUNT>
     <CURRENCY>₹</CURRENCY>
     <FOREXSYMBOL>- * -</FOREXSYMBOL>
     <ISDEBIT>true</ISDEBIT>
    </AMOUNT>
   </BILLALLOCATIONS.LIST>
  </ALLLEDGERENTRIES.LIST>
  <ALLLEDGERENTRIES.LIST>
   <INDEXNUMBER>2</INDEXNUMBER>
   <LEDGERNAME>Advertisement Charges</LEDGERNAME>
   <VCHLEDGERTYPE>Others</VCHLEDGERTYPE>
   <ISDEEMEDPOSITIVE>false</ISDEEMEDPOSITIVE>
   <ISPARTYLEDGER>false</ISPARTYLEDGER>
   <AMOUNT>
    <AMOUNT>250000</AMOUNT>
    <CURRENCY>₹</CURRENCY>
    <FOREXSYMBOL>- * -</FOREXSYMBOL>
    <ISDEBIT>false</ISDEBIT>
   </AMOUNT>
   <INVENTORYALLOCATIONS.LIST>
    <INDEXNUMBER>2</INDEXNUMBER>
    <STOCKITEMNAME>Assembled PIV</STOCKITEMNAME>
    <ISSCRAP>false</ISSCRAP>
    <DISCOUNT>0</DISCOUNT>
    <ISDEEMEDPOSITIVE>false</ISDEEMEDPOSITIVE>
    <BASICUSERDESCRIPTION.LIST>
     <BASICUSERDESCRIPTION></BASICUSERDESCRIPTION>
    </BASICUSERDESCRIPTION.LIST>
    <RATE>
     <BASERATE>25000.00</BASERATE>
     <FOREXRATE>25000</FOREXRATE>
     <UNIT>Nos</UNIT>
    </RATE>
    <BILLEDQTY>
     <UNIT>Nos</UNIT>
     <QUANTITY>10</QUANTITY>
    </BILLEDQTY>
    <AMOUNT>
     <AMOUNT>250000</AMOUNT>
     <CURRENCY>₹</CURRENCY>
     <FOREXSYMBOL>- * -</FOREXSYMBOL>
     <ISDEBIT>false</ISDEBIT>
    </AMOUNT>
    <BATCHALLOCATIONS.LIST>
     <TRACKINGNUMBER>Not Applicable</TRACKINGNUMBER>
     <ORDERNO>Not Applicable</ORDERNO>
     <GODOWNNAME>Assembly Floor</GODOWNNAME>
     <BATCHNAME>Primary Batch</BATCHNAME>
     <AMOUNT>
      <AMOUNT>250000</AMOUNT>
      <CURRENCY>₹</CURRENCY>
      <FOREXSYMBOL>- * -</FOREXSYMBOL>
      <ISDEBIT>false</ISDEBIT>
     </AMOUNT>
     <BILLEDQTY>
      <UNIT>Nos</UNIT>
      <QUANTITY>10</QUANTITY>
     </BILLEDQTY>
    </BATCHALLOCATIONS.LIST>
   </INVENTORYALLOCATIONS.LIST>
  </ALLLEDGERENTRIES.LIST>
 </VOUCHER>
 <VOUCHER>
  <GUID>52889497-5b6b-403d-8f83-224e3c7759b4-0000115a</GUID>
  <REMOTEALTGUID>52889497-5b6b-403d-8f83-224e3c7759b4</REMOTEALTGUID>
  <MASTERID>4442</MASTERID>
  <ALTERID>8159</ALTERID>
  <ENTEREDBY>A</ENTEREDBY>
  <DATE>2010-08-01</DATE>
  <EFFECTIVEDATE>2010-08-01</EFFECTIVEDATE>
  <VOUCHERTYPENAME>Sales</VOUCHERTYPENAME>
  <PERSISTEDVIEW>InvoiceVoucherView</PERSISTEDVIEW>
  <VCHGSTCLASS>Not Applicable</VCHGSTCLASS>
  <ISCOSTCENTRE>false</ISCOSTCENTRE>
  <ISINVOICE>true</ISINVOICE>
  <VOUCHERNUMBER>33</VOUCHERNUMBER>
  <ISOPTIONAL>false</ISOPTIONAL>
  <PARTYNAME>Cash</PARTYNAME>
  <VOUCHERNUMBERSERIES>Default</VOUCHERNUMBERSERIES>
  <GSTREGISTRATION>Not Applicable</GSTREGISTRATION>
  <BASICBUYERNAME>Cash</BASICBUYERNAME>
  <ISCANCELLED>false</ISCANCELLED>
  <OVRDNEWAYBILLAPPLICABILITY>false</OVRDNEWAYBILLAPPLICABILITY>
  <LEDGERENTRIES.LIST>
   <INDEXNUMBER>1</INDEXNUMBER>
   <LEDGERNAME>Cash</LEDGERNAME>
   <VCHLEDGERTYPE>Others</VCHLEDGERTYPE>
   <ISDEEMEDPOSITIVE>true</ISDEEMEDPOSITIVE>
   <ISPARTYLEDGER>true</ISPARTYLEDGER>
   <AMOUNT>
    <AMOUNT>624000</AMOUNT>
    <CURRENCY>₹</CURRENCY>
    <FOREXSYMBOL>- * -</FOREXSYMBOL>
    <ISDEBIT>true</ISDEBIT>
   </AMOUNT>
  </LEDGERENTRIES.LIST>
  <LEDGERENTRIES.LIST>
   <INDEXNUMBER>2</INDEXNUMBER>
   <LEDGERNAME>Output VAT @ 4%</LEDGERNAME>
   <LEDGERTAXTYPE>On VAT Rate</LEDGERTAXTYPE>
   <VCHLEDGERTYPE>VAT</VCHLEDGERTYPE>
   <ISDEEMEDPOSITIVE>false</ISDEEMEDPOSITIVE>
   <ISPARTYLEDGER>false</ISPARTYLEDGER>
   <AMOUNT>
    <AMOUNT>24000</AMOUNT>
    <CURRENCY>₹</CURRENCY>
    <FOREXSYMBOL>- * -</FOREXSYMBOL>
    <ISDEBIT>false</ISDEBIT>
   </AMOUNT>
  </LEDGERENTRIES.LIST>
  <ALLINVENTORYENTRIES.LIST>
   <INDEXNUMBER>1</INDEXNUMBER>
   <STOCKITEMNAME>TVS MSP 245 132 Col Printer</STOCKITEMNAME>
   <ISSCRAP>false</ISSCRAP>
   <DISCOUNT>0</DISCOUNT>
   <ISDEEMEDPOSITIVE>false</ISDEEMEDPOSITIVE>
   <BASICUSERDESCRIPTION.LIST>
    <BASICUSERDESCRIPTION></BASICUSERDESCRIPTION>
   </BASICUSERDESCRIPTION.LIST>
   <RATE>
    <BASERATE>12000.00</BASERATE>
    <FOREXRATE>12000</FOREXRATE>
    <UNIT>Nos</UNIT>
   </RATE>
   <ACTUALQTY>
    <UNIT>Nos</UNIT>
    <QUANTITY>50</QUANTITY>
   </ACTUALQTY>
   <BILLEDQTY>
    <UNIT>Nos</UNIT>
    <QUANTITY>50</QUANTITY>
   </BILLEDQTY>
   <AMOUNT>
    <AMOUNT>600000</AMOUNT>
    <CURRENCY>₹</CURRENCY>
    <FOREXSYMBOL>- * -</FOREXSYMBOL>
    <ISDEBIT>false</ISDEBIT>
   </AMOUNT>
   <BATCHALLOCATIONS.LIST>
    <TRACKINGNUMBER>Not Applicable</TRACKINGNUMBER>
    <ORDERNO>Not Applicable</ORDERNO>
    <GODOWNNAME>Main Location</GODOWNNAME>
    <BATCHNAME>Primary Batch</BATCHNAME>
    <AMOUNT>
     <AMOUNT>600000</AMOUNT>
     <CURRENCY>₹</CURRENCY>
     <FOREXSYMBOL>- * -</FOREXSYMBOL>
     <ISDEBIT>false</ISDEBIT>
    </AMOUNT>
    <ACTUALQTY>
     <UNIT>Nos</UNIT>
     <QUANTITY>50</QUANTITY>
    </ACTUALQTY>
    <BILLEDQTY>
     <UNIT>Nos</UNIT>
     <QUANTITY>50</QUANTITY>
    </BILLEDQTY>
   </BATCHALLOCATIONS.LIST>
   <ACCOUNTINGALLOCATIONS.LIST>
    <INDEXNUMBER>1</INDEXNUMBER>
    <LEDGERNAME>Cash Sales</LEDGERNAME>
    <VCHLEDGERTYPE>Others</VCHLEDGERTYPE>
    <ISDEEMEDPOSITIVE>false</ISDEEMEDPOSITIVE>
    <AMOUNT>
     <AMOUNT>600000</AMOUNT>
     <CURRENCY>₹</CURRENCY>
     <FOREXSYMBOL>- * -</FOREXSYMBOL>
     <ISDEBIT>false</ISDEBIT>
    </AMOUNT>
   </ACCOUNTINGALLOCATIONS.LIST>
  </ALLINVENTORYENTRIES.LIST>
 </VOUCHER>
 <VOUCHER>
  <GUID>52889497-5b6b-403d-8f83-224e3c7759b4-0000115b</GUID>
  <REMOTEALTGUID>52889497-5b6b-403d-8f83-224e3c7759b4</REMOTEALTGUID>
  <MASTERID>4443</MASTERID>
  <ALTERID>6363</ALTERID>
  <ENTEREDBY>A</ENTEREDBY>
  <DATE>2010-08-01</DATE>
  <EFFECTIVEDATE>2010-08-01</EFFECTIVEDATE>
  <VOUCHERTYPENAME>Sales</VOUCHERTYPENAME>
  <PERSISTEDVIEW>InvoiceVoucherView</PERSISTEDVIEW>
  <VCHGSTCLASS>Not Applicable</VCHGSTCLASS>
  <ISCOSTCENTRE>false</ISCOSTCENTRE>
  <ISINVOICE>true</ISINVOICE>
  <VOUCHERNUMBER>34</VOUCHERNUMBER>
  <ISOPTIONAL>false</ISOPTIONAL>
  <PARTYNAME>Cash</PARTYNAME>
  <VOUCHERNUMBERSERIES>Default</VOUCHERNUMBERSERIES>
  <GSTREGISTRATION>Not Applicable</GSTREGISTRATION>
  <BASICBUYERNAME>Cash</BASICBUYERNAME>
  <ISCANCELLED>false</ISCANCELLED>
  <OVRDNEWAYBILLAPPLICABILITY>false</OVRDNEWAYBILLAPPLICABILITY>
  <LEDGERENTRIES.LIST>
   <INDEXNUMBER>1</INDEXNUMBER>
   <LEDGERNAME>Cash</LEDGERNAME>
   <VCHLEDGERTYPE>Others</VCHLEDGERTYPE>
   <ISDEEMEDPOSITIVE>true</ISDEEMEDPOSITIVE>
   <ISPARTYLEDGER>true</ISPARTYLEDGER>
   <AMOUNT>
    <AMOUNT>1560000</AMOUNT>
    <CURRENCY>₹</CURRENCY>
    <FOREXSYMBOL>- * -</FOREXSYMBOL>
    <ISDEBIT>true</ISDEBIT>
   </AMOUNT>
  </LEDGERENTRIES.LIST>
  <LEDGERENTRIES.LIST>
   <INDEXNUMBER>2</INDEXNUMBER>
   <LEDGERNAME>Sales @ 4%</LEDGERNAME>
   <VCHLEDGERTYPE>Others</VCHLEDGERTYPE>
   <ISDEEMEDPOSITIVE>false</ISDEEMEDPOSITIVE>
   <ISPARTYLEDGER>false</ISPARTYLEDGER>
   <AMOUNT>
    <AMOUNT>1500000</AMOUNT>
    <CURRENCY>₹</CURRENCY>
    <FOREXSYMBOL>- * -</FOREXSYMBOL>
    <ISDEBIT>false</ISDEBIT>
   </AMOUNT>
  </LEDGERENTRIES.LIST>
  <LEDGERENTRIES.LIST>
   <INDEXNUMBER>3</INDEXNUMBER>
   <LEDGERNAME>Output VAT @ 4%</LEDGERNAME>
   <LEDGERTAXTYPE>On VAT Rate</LEDGERTAXTYPE>
   <VCHLEDGERTYPE>VAT</VCHLEDGERTYPE>
   <ISDEEMEDPOSITIVE>false</ISDEEMEDPOSITIVE>
   <ISPARTYLEDGER>false</ISPARTYLEDGER>
   <AMOUNT>
    <AMOUNT>60000</AMOUNT>
    <CURRENCY>₹</CURRENCY>
    <FOREXSYMBOL>- * -</FOREXSYMBOL>
    <ISDEBIT>false</ISDEBIT>
   </AMOUNT>
  </LEDGERENTRIES.LIST>
 </VOUCHER>
 <VOUCHER>
  <GUID>52889497-5b6b-403d-8f83-224e3c7759b4-00001281</GUID>
  <REMOTEALTGUID>52889497-5b6b-403d-8f83-224e3c7759b4</REMOTEALTGUID>
  <MASTERID>4737</MASTERID>
  <ALTERID>7217</ALTERID>
  <ENTEREDBY>A</ENTEREDBY>
  <DATE>2010-12-31</DATE>
  <EFFECTIVEDATE>2010-12-31</EFFECTIVEDATE>
  <VOUCHERTYPENAME>Sales</VOUCHERTYPENAME>
  <PERSISTEDVIEW>InvoiceVoucherView</PERSISTEDVIEW>
  <VCHGSTCLASS>Not Applicable</VCHGSTCLASS>
  <ISCOSTCENTRE>false</ISCOSTCENTRE>
  <ISINVOICE>true</ISINVOICE>
  <VOUCHERNUMBER>35</VOUCHERNUMBER>
  <ISOPTIONAL>false</ISOPTIONAL>
  <PARTYNAME>ABC Ltd</PARTYNAME>
  <VOUCHERNUMBERSERIES>Default</VOUCHERNUMBERSERIES>
  <GSTREGISTRATION>Not Applicable</GSTREGISTRATION>
  <BASICBUYERNAME>ABC Ltd</BASICBUYERNAME>
  <ISCANCELLED>false</ISCANCELLED>
  <OVRDNEWAYBILLAPPLICABILITY>false</OVRDNEWAYBILLAPPLICABILITY>
  <LEDGERENTRIES.LIST>
   <INDEXNUMBER>1</INDEXNUMBER>
   <LEDGERNAME>ABC India Pvt. Ltd.</LEDGERNAME>
   <VCHLEDGERTYPE>Others</VCHLEDGERTYPE>
   <ISDEEMEDPOSITIVE>true</ISDEEMEDPOSITIVE>
   <ISPARTYLEDGER>true</ISPARTYLEDGER>
   <AMOUNT>
    <AMOUNT>2200000</AMOUNT>
    <CURRENCY>₹</CURRENCY>
    <FOREXSYMBOL>- * -</FOREXSYMBOL>
    <ISDEBIT>true</ISDEBIT>
   </AMOUNT>
   <BILLALLOCATIONS.LIST>
    <BILLTYPE>AgstRef</BILLTYPE>
    <NAME>1</NAME>
    <AMOUNT>
     <AMOUNT>2200000</AMOUNT>
     <CURRENCY>₹</CURRENCY>
     <FOREXSYMBOL>- * -</FOREXSYMBOL>
     <ISDEBIT>true</ISDEBIT>
    </AMOUNT>
   </BILLALLOCATIONS.LIST>
  </LEDGERENTRIES.LIST>
  <ALLINVENTORYENTRIES.LIST>
   <INDEXNUMBER>1</INDEXNUMBER>
   <STOCKITEMNAME>Assembled PIV</STOCKITEMNAME>
   <ISSCRAP>false</ISSCRAP>
   <DISCOUNT>0</DISCOUNT>
   <ISDEEMEDPOSITIVE>false</ISDEEMEDPOSITIVE>
   <BASICUSERDESCRIPTION.LIST>
    <BASICUSERDESCRIPTION></BASICUSERDESCRIPTION>
   </BASICUSERDESCRIPTION.LIST>
   <RATE>
    <BASERATE>22000.00</BASERATE>
    <FOREXRATE>22000</FOREXRATE>
    <UNIT>Nos</UNIT>
   </RATE>
   <ACTUALQTY>
    <UNIT>Nos</UNIT>
    <QUANTITY>100</QUANTITY>
   </ACTUALQTY>
   <BILLEDQTY>
    <UNIT>Nos</UNIT>
    <QUANTITY>100</QUANTITY>
   </BILLEDQTY>
   <AMOUNT>
    <AMOUNT>2200000</AMOUNT>
    <CURRENCY>₹</CURRENCY>
    <FOREXSYMBOL>- * -</FOREXSYMBOL>
    <ISDEBIT>false</ISDEBIT>
   </AMOUNT>
   <BATCHALLOCATIONS.LIST>
    <TRACKINGNUMBER>Not Applicable</TRACKINGNUMBER>
    <ORDERNO>Not Applicable</ORDERNO>
    <GODOWNNAME>Assembly Floor</GODOWNNAME>
    <BATCHNAME>1</BATCHNAME>
    <AMOUNT>
     <AMOUNT>2200000</AMOUNT>
     <CURRENCY>₹</CURRENCY>
     <FOREXSYMBOL>- * -</FOREXSYMBOL>
     <ISDEBIT>false</ISDEBIT>
    </AMOUNT>
    <ACTUALQTY>
     <UNIT>Nos</UNIT>
     <QUANTITY>100</QUANTITY>
    </ACTUALQTY>
    <BILLEDQTY>
     <UNIT>Nos</UNIT>
     <QUANTITY>100</QUANTITY>
    </BILLEDQTY>
   </BATCHALLOCATIONS.LIST>
   <ACCOUNTINGALLOCATIONS.LIST>
    <INDEXNUMBER>1</INDEXNUMBER>
    <LEDGERNAME>Advertisement Charges</LEDGERNAME>
    <VCHLEDGERTYPE>Others</VCHLEDGERTYPE>
    <ISDEEMEDPOSITIVE>false</ISDEEMEDPOSITIVE>
    <AMOUNT>
     <AMOUNT>2200000</AMOUNT>
     <CURRENCY>₹</CURRENCY>
     <FOREXSYMBOL>- * -</FOREXSYMBOL>
     <ISDEBIT>false</ISDEBIT>
    </AMOUNT>
   </ACCOUNTINGALLOCATIONS.LIST>
  </ALLINVENTORYENTRIES.LIST>
 </VOUCHER>
 <VOUCHER>
  <GUID>52889497-5b6b-403d-8f83-224e3c7759b4-00001282</GUID>
  <REMOTEALTGUID>52889497-5b6b-403d-8f83-224e3c7759b4</REMOTEALTGUID>
  <MASTERID>4738</MASTERID>
  <ALTERID>7218</ALTERID>
  <ENTEREDBY>A</ENTEREDBY>
  <DATE>2010-12-31</DATE>
  <EFFECTIVEDATE>2010-12-31</EFFECTIVEDATE>
  <VOUCHERTYPENAME>Sales</VOUCHERTYPENAME>
  <PERSISTEDVIEW>InvoiceVoucherView</PERSISTEDVIEW>
  <VCHGSTCLASS>Not Applicable</VCHGSTCLASS>
  <ISCOSTCENTRE>false</ISCOSTCENTRE>
  <ISINVOICE>true</ISINVOICE>
  <VOUCHERNUMBER>36</VOUCHERNUMBER>
  <ISOPTIONAL>false</ISOPTIONAL>
  <PARTYNAME>ABC Ltd</PARTYNAME>
  <VOUCHERNUMBERSERIES>Default</VOUCHERNUMBERSERIES>
  <GSTREGISTRATION>Not Applicable</GSTREGISTRATION>
  <BASICBUYERNAME>ABC Ltd</BASICBUYERNAME>
  <ISCANCELLED>false</ISCANCELLED>
  <OVRDNEWAYBILLAPPLICABILITY>false</OVRDNEWAYBILLAPPLICABILITY>
  <LEDGERENTRIES.LIST>
   <INDEXNUMBER>1</INDEXNUMBER>
   <LEDGERNAME>ABC India Pvt. Ltd.</LEDGERNAME>
   <VCHLEDGERTYPE>Others</VCHLEDGERTYPE>
   <ISDEEMEDPOSITIVE>true</ISDEEMEDPOSITIVE>
   <ISPARTYLEDGER>true</ISPARTYLEDGER>
   <AMOUNT>
    <AMOUNT>2200000</AMOUNT>
    <CURRENCY>₹</CURRENCY>
    <FOREXSYMBOL>- * -</FOREXSYMBOL>
    <ISDEBIT>true</ISDEBIT>
   </AMOUNT>
   <BILLALLOCATIONS.LIST>
    <BILLTYPE>AgstRef</BILLTYPE>
    <NAME>1</NAME>
    <AMOUNT>
     <AMOUNT>2200000</AMOUNT>
     <CURRENCY>₹</CURRENCY>
     <FOREXSYMBOL>- * -</FOREXSYMBOL>
     <ISDEBIT>true</ISDEBIT>
    </AMOUNT>
   </BILLALLOCATIONS.LIST>
  </LEDGERENTRIES.LIST>
  <ALLINVENTORYENTRIES.LIST>
   <INDEXNUMBER>1</INDEXNUMBER>
   <STOCKITEMNAME>Assembled PIV</STOCKITEMNAME>
   <ISSCRAP>false</ISSCRAP>
   <DISCOUNT>0</DISCOUNT>
   <ISDEEMEDPOSITIVE>false</ISDEEMEDPOSITIVE>
   <BASICUSERDESCRIPTION.LIST>
    <BASICUSERDESCRIPTION></BASICUSERDESCRIPTION>
   </BASICUSERDESCRIPTION.LIST>
   <RATE>
    <BASERATE>22000.00</BASERATE>
    <FOREXRATE>22000</FOREXRATE>
    <UNIT>Nos</UNIT>
   </RATE>
   <ACTUALQTY>
    <UNIT>Nos</UNIT>
    <QUANTITY>100</QUANTITY>
   </ACTUALQTY>
   <BILLEDQTY>
    <UNIT>Nos</UNIT>
    <QUANTITY>100</QUANTITY>
   </BILLEDQTY>
   <AMOUNT>
    <AMOUNT>2200000</AMOUNT>
    <CURRENCY>₹</CURRENCY>
    <FOREXSYMBOL>- * -</FOREXSYMBOL>
    <ISDEBIT>false</ISDEBIT>
   </AMOUNT>
   <BATCHALLOCATIONS.LIST>
    <TRACKINGNUMBER>Not Applicable</TRACKINGNUMBER>
    <ORDERNO>Not Applicable</ORDERNO>
    <GODOWNNAME>Stores II</GODOWNNAME>
    <BATCHNAME>1</BATCHNAME>
    <AMOUNT>
     <AMOUNT>2200000</AMOUNT>
     <CURRENCY>₹</CURRENCY>
     <FOREXSYMBOL>- * -</FOREXSYMBOL>
     <ISDEBIT>false</ISDEBIT>
    </AMOUNT>
    <ACTUALQTY>
     <UNIT>Nos</UNIT>
     <QUANTITY>100</QUANTITY>
    </ACTUALQTY>
    <BILLEDQTY>
     <UNIT>Nos</UNIT>
     <QUANTITY>100</QUANTITY>
    </BILLEDQTY>
   </BATCHALLOCATIONS.LIST>
   <ACCOUNTINGALLOCATIONS.LIST>
    <INDEXNUMBER>1</INDEXNUMBER>
    <LEDGERNAME>Advertisement Charges</LEDGERNAME>
    <VCHLEDGERTYPE>Others</VCHLEDGERTYPE>
    <ISDEEMEDPOSITIVE>false</ISDEEMEDPOSITIVE>
    <AMOUNT>
     <AMOUNT>2200000</AMOUNT>
     <CURRENCY>₹</CURRENCY>
     <FOREXSYMBOL>- * -</FOREXSYMBOL>
     <ISDEBIT>false</ISDEBIT>
    </AMOUNT>
   </ACCOUNTINGALLOCATIONS.LIST>
  </ALLINVENTORYENTRIES.LIST>
 </VOUCHER>
 <VOUCHER>
  <GUID>52889497-5b6b-403d-8f83-224e3c7759b4-0000128e</GUID>
  <REMOTEALTGUID>52889497-5b6b-403d-8f83-224e3c7759b4</REMOTEALTGUID>
  <MASTERID>4750</MASTERID>
  <ALTERID>8435</ALTERID>
  <ENTEREDBY>A</ENTEREDBY>
  <DATE>2016-04-01</DATE>
  <EFFECTIVEDATE>2016-04-01</EFFECTIVEDATE>
  <REFERENCEDATE>2016-04-01</REFERENCEDATE>
  <REFERENCE>ref123</REFERENCE>
  <VOUCHERTYPENAME>Sales</VOUCHERTYPENAME>
  <PERSISTEDVIEW>InvoiceVoucherView</PERSISTEDVIEW>
  <VCHGSTCLASS>Not Applicable</VCHGSTCLASS>
  <ISCOSTCENTRE>false</ISCOSTCENTRE>
  <VCHENTRYMODE>Item Invoice</VCHENTRYMODE>
  <ISINVOICE>true</ISINVOICE>
  <VOUCHERNUMBER>1</VOUCHERNUMBER>
  <ISOPTIONAL>false</ISOPTIONAL>
  <NARRATION>Xyz</NARRATION>
  <PARTYNAME>ABC Ltd</PARTYNAME>
  <VOUCHERNUMBERSERIES>Default</VOUCHERNUMBERSERIES>
  <GSTREGISTRATION>Not Applicable</GSTREGISTRATION>
  <BASICBUYERNAME>ABC Ltd</BASICBUYERNAME>
  <ISCANCELLED>false</ISCANCELLED>
  <OVRDNEWAYBILLAPPLICABILITY>false</OVRDNEWAYBILLAPPLICABILITY>
  <LEDGERENTRIES.LIST>
   <INDEXNUMBER>1</INDEXNUMBER>
   <LEDGERNAME>ABC India Pvt. Ltd.</LEDGERNAME>
   <VCHLEDGERTYPE>Others</VCHLEDGERTYPE>
   <ISDEEMEDPOSITIVE>true</ISDEEMEDPOSITIVE>
   <ISPARTYLEDGER>true</ISPARTYLEDGER>
   <AMOUNT>
    <AMOUNT>1250000</AMOUNT>
    <CURRENCY>₹</CURRENCY>
    <FOREXSYMBOL>- * -</FOREXSYMBOL>
    <ISDEBIT>true</ISDEBIT>
   </AMOUNT>
   <BILLALLOCATIONS.LIST>
    <BILLTYPE>AgstRef</BILLTYPE>
    <NAME>1</NAME>
    <AMOUNT>
     <AMOUNT>1250000</AMOUNT>
     <CURRENCY>₹</CURRENCY>
     <FOREXSYMBOL>- * -</FOREXSYMBOL>
     <ISDEBIT>true</ISDEBIT>
    </AMOUNT>
   </BILLALLOCATIONS.LIST>
  </LEDGERENTRIES.LIST>
  <ALLINVENTORYENTRIES.LIST>
   <INDEXNUMBER>1</INDEXNUMBER>
   <STOCKITEMNAME>Assembled PIV</STOCKITEMNAME>
   <ISSCRAP>false</ISSCRAP>
   <DISCOUNT>0</DISCOUNT>
   <ISDEEMEDPOSITIVE>false</ISDEEMEDPOSITIVE>
   <BASICUSERDESCRIPTION.LIST>
    <BASICUSERDESCRIPTION></BASICUSERDESCRIPTION>
   </BASICUSERDESCRIPTION.LIST>
   <RATE>
    <BASERATE>25000.00</BASERATE>
    <FOREXRATE>25000</FOREXRATE>
    <UNIT>Nos</UNIT>
   </RATE>
   <ACTUALQTY>
    <UNIT>Nos</UNIT>
    <QUANTITY>50</QUANTITY>
   </ACTUALQTY>
   <BILLEDQTY>
    <UNIT>Nos</UNIT>
    <QUANTITY>50</QUANTITY>
   </BILLEDQTY>
   <AMOUNT>
    <AMOUNT>1250000</AMOUNT>
    <CURRENCY>₹</CURRENCY>
    <FOREXSYMBOL>- * -</FOREXSYMBOL>
    <ISDEBIT>false</ISDEBIT>
   </AMOUNT>
   <BATCHALLOCATIONS.LIST>
    <TRACKINGNUMBER>Not Applicable</TRACKINGNUMBER>
    <ORDERNO>Not Applicable</ORDERNO>
    <GODOWNNAME>Stores II</GODOWNNAME>
    <BATCHNAME>1</BATCHNAME>
    <AMOUNT>
     <AMOUNT>1250000</AMOUNT>
     <CURRENCY>₹</CURRENCY>
     <FOREXSYMBOL>- * -</FOREXSYMBOL>
     <ISDEBIT>false</ISDEBIT>
    </AMOUNT>
    <ACTUALQTY>
     <UNIT>Nos</UNIT>
     <QUANTITY>50</QUANTITY>
    </ACTUALQTY>
    <BILLEDQTY>
     <UNIT>Nos</UNIT>
     <QUANTITY>50</QUANTITY>
    </BILLEDQTY>
   </BATCHALLOCATIONS.LIST>
   <ACCOUNTINGALLOCATIONS.LIST>
    <INDEXNUMBER>1</INDEXNUMBER>
    <LEDGERNAME>Advertisement Charges</LEDGERNAME>
    <VCHLEDGERTYPE>Others</VCHLEDGERTYPE>
    <ISDEEMEDPOSITIVE>false</ISDEEMEDPOSITIVE>
    <AMOUNT>
     <AMOUNT>1250000</AMOUNT>
     <CURRENCY>₹</CURRENCY>
     <FOREXSYMBOL>- * -</FOREXSYMBOL>
     <ISDEBIT>false</ISDEBIT>
    </AMOUNT>
   </ACCOUNTINGALLOCATIONS.LIST>
  </ALLINVENTORYENTRIES.LIST>
 </VOUCHER>
 <VOUCHER>
  <GUID>52889497-5b6b-403d-8f83-224e3c7759b4-00001296</GUID>
  <REMOTEALTGUID>52889497-5b6b-403d-8f83-224e3c7759b4</REMOTEALTGUID>
  <MASTERID>4758</MASTERID>
  <ALTERID>8436</ALTERID>
  <ENTEREDBY>A</ENTEREDBY>
  <DATE>2016-04-01</DATE>
  <EFFECTIVEDATE>2016-04-01</EFFECTIVEDATE>
  <VOUCHERTYPENAME>Sales</VOUCHERTYPENAME>
  <PERSISTEDVIEW>InvoiceVoucherView</PERSISTEDVIEW>
  <VCHGSTCLASS>Not Applicable</VCHGSTCLASS>
  <ISCOSTCENTRE>false</ISCOSTCENTRE>
  <VCHENTRYMODE>Item Invoice</VCHENTRYMODE>
  <ISINVOICE>true</ISINVOICE>
  <VOUCHERNUMBER>2</VOUCHERNUMBER>
  <ISOPTIONAL>false</ISOPTIONAL>
  <NARRATION>Being Assembled PIV Computers sold.</NARRATION>
  <BASICDUEDATEOFPYMT>90 Days</BASICDUEDATEOFPYMT>
  <PARTYNAME>D R D O, Bangalore</PARTYNAME>
  <VOUCHERNUMBERSERIES>Default</VOUCHERNUMBERSERIES>
  <GSTREGISTRATION>Not Applicable</GSTREGISTRATION>
  <BASICBUYERNAME>Worldwide Computers</BASICBUYERNAME>
  <ISCANCELLED>false</ISCANCELLED>
  <OVRDNEWAYBILLAPPLICABILITY>false</OVRDNEWAYBILLAPPLICABILITY>
  <LEDGERENTRIES.LIST>
   <INDEXNUMBER>1</INDEXNUMBER>
   <LEDGERNAME>Worldwide Computers</LEDGERNAME>
   <VCHLEDGERTYPE>Others</VCHLEDGERTYPE>
   <ISDEEMEDPOSITIVE>true</ISDEEMEDPOSITIVE>
   <ISPARTYLEDGER>true</ISPARTYLEDGER>
   <AMOUNT>
    <AMOUNT>652500</AMOUNT>
    <CURRENCY>₹</CURRENCY>
    <FOREXSYMBOL>- * -</FOREXSYMBOL>
    <ISDEBIT>true</ISDEBIT>
   </AMOUNT>
   <BILLALLOCATIONS.LIST>
    <BILLTYPE>AgstRef</BILLTYPE>
    <NAME>17</NAME>
    <BILLCREDITPERIOD>
     <DUEONDATE>2010-06-30</DUEONDATE>
     <INDAYS>90</INDAYS>
     <INTEXT>90 Days</INTEXT>
    </BILLCREDITPERIOD>
    <AMOUNT>
     <AMOUNT>652500</AMOUNT>
     <CURRENCY>₹</CURRENCY>
     <FOREXSYMBOL>- * -</FOREXSYMBOL>
     <ISDEBIT>true</ISDEBIT>
    </AMOUNT>
   </BILLALLOCATIONS.LIST>
  </LEDGERENTRIES.LIST>
  <LEDGERENTRIES.LIST>
   <INDEXNUMBER>2</INDEXNUMBER>
   <LEDGERNAME>Transportation &amp; Packaging</LEDGERNAME>
   <VCHLEDGERTYPE>Others</VCHLEDGERTYPE>
   <ISDEEMEDPOSITIVE>false</ISDEEMEDPOSITIVE>
   <ISPARTYLEDGER>false</ISPARTYLEDGER>
   <AMOUNT>
    <AMOUNT>2500</AMOUNT>
    <CURRENCY>₹</CURRENCY>
    <FOREXSYMBOL>- * -</FOREXSYMBOL>
    <ISDEBIT>false</ISDEBIT>
   </AMOUNT>
  </LEDGERENTRIES.LIST>
  <LEDGERENTRIES.LIST>
   <INDEXNUMBER>3</INDEXNUMBER>
   <LEDGERNAME>CST Tax @ 4%</LEDGERNAME>
   <LEDGERTAXTYPE>Sales Tax</LEDGERTAXTYPE>
   <VCHLEDGERTYPE>Others</VCHLEDGERTYPE>
   <ISDEEMEDPOSITIVE>false</ISDEEMEDPOSITIVE>
   <ISPARTYLEDGER>false</ISPARTYLEDGER>
   <AMOUNT>
    <AMOUNT>25000</AMOUNT>
    <CURRENCY>₹</CURRENCY>
    <FOREXSYMBOL>- * -</FOREXSYMBOL>
    <ISDEBIT>false</ISDEBIT>
   </AMOUNT>
  </LEDGERENTRIES.LIST>
  <ALLINVENTORYENTRIES.LIST>
   <INDEXNUMBER>1</INDEXNUMBER>
   <STOCKITEMNAME>Assembled PIV</STOCKITEMNAME>
   <ISSCRAP>false</ISSCRAP>
   <DISCOUNT>0</DISCOUNT>
   <ISDEEMEDPOSITIVE>false</ISDEEMEDPOSITIVE>
   <BASICUSERDESCRIPTION.LIST>
    <BASICUSERDESCRIPTION></BASICUSERDESCRIPTION>
   </BASICUSERDESCRIPTION.LIST>
   <RATE>
    <BASERATE>25000.00</BASERATE>
    <FOREXRATE>25000</FOREXRATE>
    <UNIT>Nos</UNIT>
   </RATE>
   <ACTUALQTY>
    <UNIT>Nos</UNIT>
    <QUANTITY>25</QUANTITY>
   </ACTUALQTY>
   <BILLEDQTY>
    <UNIT>Nos</UNIT>
    <QUANTITY>25</QUANTITY>
   </BILLEDQTY>
   <AMOUNT>
    <AMOUNT>625000</AMOUNT>
    <CURRENCY>₹</CURRENCY>
    <FOREXSYMBOL>- * -</FOREXSYMBOL>
    <ISDEBIT>false</ISDEBIT>
   </AMOUNT>
   <BATCHALLOCATIONS.LIST>
    <TRACKINGNUMBER>Not Applicable</TRACKINGNUMBER>
    <ORDERNO>Not Applicable</ORDERNO>
    <GODOWNNAME>Assembly Floor</GODOWNNAME>
    <BATCHNAME>Primary Batch</BATCHNAME>
    <AMOUNT>
     <AMOUNT>625000</AMOUNT>
     <CURRENCY>₹</CURRENCY>
     <FOREXSYMBOL>- * -</FOREXSYMBOL>
     <ISDEBIT>false</ISDEBIT>
    </AMOUNT>
    <ACTUALQTY>
     <UNIT>Nos</UNIT>
     <QUANTITY>25</QUANTITY>
    </ACTUALQTY>
    <BILLEDQTY>
     <UNIT>Nos</UNIT>
     <QUANTITY>25</QUANTITY>
    </BILLEDQTY>
   </BATCHALLOCATIONS.LIST>
   <ACCOUNTINGALLOCATIONS.LIST>
    <INDEXNUMBER>1</INDEXNUMBER>
    <LEDGERNAME>Interstate Sales @ 4%</LEDGERNAME>
    <LEDGERTAXTYPE>Sales Tax</LEDGERTAXTYPE>
    <VCHLEDGERTYPE>Others</VCHLEDGERTYPE>
    <ISDEEMEDPOSITIVE>false</ISDEEMEDPOSITIVE>
    <AMOUNT>
     <AMOUNT>625000</AMOUNT>
     <CURRENCY>₹</CURRENCY>
     <FOREXSYMBOL>- * -</FOREXSYMBOL>
     <ISDEBIT>false</ISDEBIT>
    </AMOUNT>
   </ACCOUNTINGALLOCATIONS.LIST>
  </ALLINVENTORYENTRIES.LIST>
 </VOUCHER>
 <VOUCHER>
  <GUID>52889497-5b6b-403d-8f83-224e3c7759b4-00000008</GUID>
  <REMOTEALTGUID>52889497-5b6b-403d-8f83-224e3c7759b4</REMOTEALTGUID>
  <MASTERID>8</MASTERID>
  <ALTERID>8437</ALTERID>
  <ENTEREDBY>A</ENTEREDBY>
  <DATE>2016-04-01</DATE>
  <EFFECTIVEDATE>2016-04-01</EFFECTIVEDATE>
  <VOUCHERTYPENAME>Sales</VOUCHERTYPENAME>
  <PERSISTEDVIEW>InvoiceVoucherView</PERSISTEDVIEW>
  <VCHGSTCLASS>Not Applicable</VCHGSTCLASS>
  <ISCOSTCENTRE>false</ISCOSTCENTRE>
  <VCHENTRYMODE>Item Invoice</VCHENTRYMODE>
  <ISINVOICE>true</ISINVOICE>
  <VOUCHERNUMBER>3</VOUCHERNUMBER>
  <ISOPTIONAL>false</ISOPTIONAL>
  <NARRATION>Being IBM PIV computers sold.</NARRATION>
  <BASICDUEDATEOFPYMT>30 Days</BASICDUEDATEOFPYMT>
  <PARTYNAME>Computer Junction</PARTYNAME>
  <VOUCHERNUMBERSERIES>Default</VOUCHERNUMBERSERIES>
  <GSTREGISTRATION>Not Applicable</GSTREGISTRATION>
  <BASICBUYERNAME>Computer Junction</BASICBUYERNAME>
  <ISCANCELLED>false</ISCANCELLED>
  <OVRDNEWAYBILLAPPLICABILITY>false</OVRDNEWAYBILLAPPLICABILITY>
  <LEDGERENTRIES.LIST>
   <INDEXNUMBER>1</INDEXNUMBER>
   <LEDGERNAME>Amar Computer Peripherals</LEDGERNAME>
   <VCHLEDGERTYPE>Others</VCHLEDGERTYPE>
   <ISDEEMEDPOSITIVE>true</ISDEEMEDPOSITIVE>
   <ISPARTYLEDGER>true</ISPARTYLEDGER>
   <AMOUNT>
    <AMOUNT>51420</AMOUNT>
    <CURRENCY>₹</CURRENCY>
    <FOREXSYMBOL>- * -</FOREXSYMBOL>
    <ISDEBIT>true</ISDEBIT>
   </AMOUNT>
   <BILLALLOCATIONS.LIST>
    <BILLTYPE>NewRef</BILLTYPE>
    <NAME>12345</NAME>
    <AMOUNT>
     <AMOUNT>51420</AMOUNT>
     <CURRENCY>₹</CURRENCY>
     <FOREXSYMBOL>- * -</FOREXSYMBOL>
     <ISDEBIT>true</ISDEBIT>
    </AMOUNT>
   </BILLALLOCATIONS.LIST>
   <BILLALLOCATIONS.LIST>
    <BILLTYPE>NewRef</BILLTYPE>
    <NAME>567890</NAME>
    <BILLCREDITPERIOD>
     <DUEONDATE>2016-05-01</DUEONDATE>
     <INDAYS>30</INDAYS>
     <INTEXT>30 Days</INTEXT>
    </BILLCREDITPERIOD>
    <AMOUNT>
     <AMOUNT>11420</AMOUNT>
     <CURRENCY>₹</CURRENCY>
     <FOREXSYMBOL>- * -</FOREXSYMBOL>
     <ISDEBIT>true</ISDEBIT>
    </AMOUNT>
   </BILLALLOCATIONS.LIST>
   <BILLALLOCATIONS.LIST>
    <BILLTYPE>OnAccount</BILLTYPE>
    <AMOUNT>
     <AMOUNT>-11420</AMOUNT>
     <CURRENCY>₹</CURRENCY>
     <FOREXSYMBOL>- * -</FOREXSYMBOL>
     <ISDEBIT>true</ISDEBIT>
    </AMOUNT>
   </BILLALLOCATIONS.LIST>
  </LEDGERENTRIES.LIST>
  <LEDGERENTRIES.LIST>
   <INDEXNUMBER>2</INDEXNUMBER>
   <LEDGERNAME>Transportation &amp; Packaging</LEDGERNAME>
   <VCHLEDGERTYPE>Others</VCHLEDGERTYPE>
   <ISDEEMEDPOSITIVE>false</ISDEEMEDPOSITIVE>
   <ISPARTYLEDGER>false</ISPARTYLEDGER>
   <AMOUNT>
    <AMOUNT>1500</AMOUNT>
    <CURRENCY>₹</CURRENCY>
    <FOREXSYMBOL>- * -</FOREXSYMBOL>
    <ISDEBIT>false</ISDEBIT>
   </AMOUNT>
  </LEDGERENTRIES.LIST>
  <LEDGERENTRIES.LIST>
   <INDEXNUMBER>3</INDEXNUMBER>
   <LEDGERNAME>CST Tax @ 4%</LEDGERNAME>
   <LEDGERTAXTYPE>Sales Tax</LEDGERTAXTYPE>
   <VCHLEDGERTYPE>Others</VCHLEDGERTYPE>
   <ISDEEMEDPOSITIVE>false</ISDEEMEDPOSITIVE>
   <ISPARTYLEDGER>false</ISPARTYLEDGER>
   <AMOUNT>
    <AMOUNT>1920</AMOUNT>
    <CURRENCY>₹</CURRENCY>
    <FOREXSYMBOL>- * -</FOREXSYMBOL>
    <ISDEBIT>false</ISDEBIT>
   </AMOUNT>
  </LEDGERENTRIES.LIST>
  <ALLINVENTORYENTRIES.LIST>
   <INDEXNUMBER>1</INDEXNUMBER>
   <STOCKITEMNAME>IBM PIV</STOCKITEMNAME>
   <ISSCRAP>false</ISSCRAP>
   <DISCOUNT>0</DISCOUNT>
   <ISDEEMEDPOSITIVE>false</ISDEEMEDPOSITIVE>
   <BASICUSERDESCRIPTION.LIST>
    <BASICUSERDESCRIPTION></BASICUSERDESCRIPTION>
   </BASICUSERDESCRIPTION.LIST>
   <RATE>
    <BASERATE>24000.00</BASERATE>
    <FOREXRATE>24000</FOREXRATE>
    <UNIT>Nos</UNIT>
   </RATE>
   <ACTUALQTY>
    <UNIT>Nos</UNIT>
    <QUANTITY>2</QUANTITY>
   </ACTUALQTY>
   <BILLEDQTY>
    <UNIT>Nos</UNIT>
    <QUANTITY>2</QUANTITY>
   </BILLEDQTY>
   <AMOUNT>
    <AMOUNT>48000</AMOUNT>
    <CURRENCY>₹</CURRENCY>
    <FOREXSYMBOL>- * -</FOREXSYMBOL>
    <ISDEBIT>false</ISDEBIT>
   </AMOUNT>
   <BATCHALLOCATIONS.LIST>
    <TRACKINGNUMBER>Not Applicable</TRACKINGNUMBER>
    <ORDERNO>Not Applicable</ORDERNO>
    <GODOWNNAME>Stores</GODOWNNAME>
    <BATCHNAME>Primary Batch</BATCHNAME>
    <AMOUNT>
     <AMOUNT>48000</AMOUNT>
     <CURRENCY>₹</CURRENCY>
     <FOREXSYMBOL>- * -</FOREXSYMBOL>
     <ISDEBIT>false</ISDEBIT>
    </AMOUNT>
    <ACTUALQTY>
     <UNIT>Nos</UNIT>
     <QUANTITY>2</QUANTITY>
    </ACTUALQTY>
    <BILLEDQTY>
     <UNIT>Nos</UNIT>
     <QUANTITY>2</QUANTITY>
    </BILLEDQTY>
   </BATCHALLOCATIONS.LIST>
   <ACCOUNTINGALLOCATIONS.LIST>
    <INDEXNUMBER>1</INDEXNUMBER>
    <LEDGERNAME>Interstate Sales @ 4%</LEDGERNAME>
    <LEDGERTAXTYPE>Sales Tax</LEDGERTAXTYPE>
    <VCHLEDGERTYPE>Others</VCHLEDGERTYPE>
    <ISDEEMEDPOSITIVE>false</ISDEEMEDPOSITIVE>
    <AMOUNT>
     <AMOUNT>48000</AMOUNT>
     <CURRENCY>₹</CURRENCY>
     <FOREXSYMBOL>- * -</FOREXSYMBOL>
     <ISDEBIT>false</ISDEBIT>
    </AMOUNT>
   </ACCOUNTINGALLOCATIONS.LIST>
  </ALLINVENTORYENTRIES.LIST>
 </VOUCHER>
 <VOUCHER>
  <GUID>52889497-5b6b-403d-8f83-224e3c7759b4-0000129f</GUID>
  <REMOTEALTGUID>52889497-5b6b-403d-8f83-224e3c7759b4</REMOTEALTGUID>
  <MASTERID>4767</MASTERID>
  <ALTERID>7276</ALTERID>
  <ENTEREDBY>A</ENTEREDBY>
  <DATE>2016-04-04</DATE>
  <EFFECTIVEDATE>2016-04-04</EFFECTIVEDATE>
  <VOUCHERTYPENAME>Sales</VOUCHERTYPENAME>
  <PERSISTEDVIEW>InvoiceVoucherView</PERSISTEDVIEW>
  <VCHGSTCLASS>Not Applicable</VCHGSTCLASS>
  <ISCOSTCENTRE>false</ISCOSTCENTRE>
  <ISINVOICE>true</ISINVOICE>
  <VOUCHERNUMBER>4</VOUCHERNUMBER>
  <ISOPTIONAL>false</ISOPTIONAL>
  <NARRATION>Sales made for wireless keyboard</NARRATION>
  <PARTYNAME>Cash</PARTYNAME>
  <VOUCHERNUMBERSERIES>Default</VOUCHERNUMBERSERIES>
  <GSTREGISTRATION>Not Applicable</GSTREGISTRATION>
  <BASICBUYERNAME>Cash</BASICBUYERNAME>
  <ISCANCELLED>false</ISCANCELLED>
  <OVRDNEWAYBILLAPPLICABILITY>false</OVRDNEWAYBILLAPPLICABILITY>
  <LEDGERENTRIES.LIST>
   <INDEXNUMBER>1</INDEXNUMBER>
   <LEDGERNAME>Cash</LEDGERNAME>
   <VCHLEDGERTYPE>Others</VCHLEDGERTYPE>
   <ISDEEMEDPOSITIVE>true</ISDEEMEDPOSITIVE>
   <ISPARTYLEDGER>true</ISPARTYLEDGER>
   <AMOUNT>
    <AMOUNT>728000</AMOUNT>
    <CURRENCY>₹</CURRENCY>
    <FOREXSYMBOL>- * -</FOREXSYMBOL>
    <ISDEBIT>true</ISDEBIT>
   </AMOUNT>
  </LEDGERENTRIES.LIST>
  <LEDGERENTRIES.LIST>
   <INDEXNUMBER>2</INDEXNUMBER>
   <LEDGERNAME>Output VAT @ 4%</LEDGERNAME>
   <LEDGERTAXTYPE>On VAT Rate</LEDGERTAXTYPE>
   <VCHLEDGERTYPE>VAT</VCHLEDGERTYPE>
   <ISDEEMEDPOSITIVE>false</ISDEEMEDPOSITIVE>
   <ISPARTYLEDGER>false</ISPARTYLEDGER>
   <AMOUNT>
    <AMOUNT>28000</AMOUNT>
    <CURRENCY>₹</CURRENCY>
    <FOREXSYMBOL>- * -</FOREXSYMBOL>
    <ISDEBIT>false</ISDEBIT>
   </AMOUNT>
  </LEDGERENTRIES.LIST>
  <ALLINVENTORYENTRIES.LIST>
   <INDEXNUMBER>1</INDEXNUMBER>
   <STOCKITEMNAME>Wireless Keyboard</STOCKITEMNAME>
   <ISSCRAP>false</ISSCRAP>
   <DISCOUNT>0</DISCOUNT>
   <ISDEEMEDPOSITIVE>false</ISDEEMEDPOSITIVE>
   <BASICUSERDESCRIPTION.LIST>
    <BASICUSERDESCRIPTION></BASICUSERDESCRIPTION>
   </BASICUSERDESCRIPTION.LIST>
   <RATE>
    <BASERATE>10000.00</BASERATE>
    <FOREXRATE>10000</FOREXRATE>
    <UNIT>Nos</UNIT>
   </RATE>
   <ACTUALQTY>
    <UNIT>Nos</UNIT>
    <QUANTITY>70</QUANTITY>
   </ACTUALQTY>
   <BILLEDQTY>
    <UNIT>Nos</UNIT>
    <QUANTITY>70</QUANTITY>
   </BILLEDQTY>
   <AMOUNT>
    <AMOUNT>700000</AMOUNT>
    <CURRENCY>₹</CURRENCY>
    <FOREXSYMBOL>- * -</FOREXSYMBOL>
    <ISDEBIT>false</ISDEBIT>
   </AMOUNT>
   <BATCHALLOCATIONS.LIST>
    <TRACKINGNUMBER>Not Applicable</TRACKINGNUMBER>
    <ORDERNO>Not Applicable</ORDERNO>
    <GODOWNNAME>Assembly Floor</GODOWNNAME>
    <BATCHNAME>Primary Batch</BATCHNAME>
    <AMOUNT>
     <AMOUNT>700000</AMOUNT>
     <CURRENCY>₹</CURRENCY>
     <FOREXSYMBOL>- * -</FOREXSYMBOL>
     <ISDEBIT>false</ISDEBIT>
    </AMOUNT>
    <ACTUALQTY>
     <UNIT>Nos</UNIT>
     <QUANTITY>70</QUANTITY>
    </ACTUALQTY>
    <BILLEDQTY>
     <UNIT>Nos</UNIT>
     <QUANTITY>70</QUANTITY>
    </BILLEDQTY>
   </BATCHALLOCATIONS.LIST>
   <ACCOUNTINGALLOCATIONS.LIST>
    <INDEXNUMBER>1</INDEXNUMBER>
    <LEDGERNAME>Cash Sales</LEDGERNAME>
    <VCHLEDGERTYPE>Others</VCHLEDGERTYPE>
    <ISDEEMEDPOSITIVE>false</ISDEEMEDPOSITIVE>
    <AMOUNT>
     <AMOUNT>700000</AMOUNT>
     <CURRENCY>₹</CURRENCY>
     <FOREXSYMBOL>- * -</FOREXSYMBOL>
     <ISDEBIT>false</ISDEBIT>
    </AMOUNT>
   </ACCOUNTINGALLOCATIONS.LIST>
  </ALLINVENTORYENTRIES.LIST>
 </VOUCHER>
 <VOUCHER>
  <GUID>52889497-5b6b-403d-8f83-224e3c7759b4-0000000f</GUID>
  <REMOTEALTGUID>52889497-5b6b-403d-8f83-224e3c7759b4</REMOTEALTGUID>
  <MASTERID>15</MASTERID>
  <ALTERID>7279</ALTERID>
  <ENTEREDBY>A</ENTEREDBY>
  <DATE>2016-04-05</DATE>
  <EFFECTIVEDATE>2016-04-05</EFFECTIVEDATE>
  <VOUCHERTYPENAME>Sales</VOUCHERTYPENAME>
  <PERSISTEDVIEW>InvoiceVoucherView</PERSISTEDVIEW>
  <VCHGSTCLASS>Not Applicable</VCHGSTCLASS>
  <ISCOSTCENTRE>false</ISCOSTCENTRE>
  <ISINVOICE>true</ISINVOICE>
  <VOUCHERNUMBER>5</VOUCHERNUMBER>
  <ISOPTIONAL>false</ISOPTIONAL>
  <BASICDUEDATEOFPYMT>60 Days</BASICDUEDATEOFPYMT>
  <PARTYNAME>Computer Junction</PARTYNAME>
  <VOUCHERNUMBERSERIES>Default</VOUCHERNUMBERSERIES>
  <GSTREGISTRATION>Not Applicable</GSTREGISTRATION>
  <BASICBUYERNAME>Computer Junction</BASICBUYERNAME>
  <ISCANCELLED>false</ISCANCELLED>
  <OVRDNEWAYBILLAPPLICABILITY>false</OVRDNEWAYBILLAPPLICABILITY>
  <LEDGERENTRIES.LIST>
   <INDEXNUMBER>1</INDEXNUMBER>
   <LEDGERNAME>Amar Computer Peripherals</LEDGERNAME>
   <VCHLEDGERTYPE>Others</VCHLEDGERTYPE>
   <ISDEEMEDPOSITIVE>true</ISDEEMEDPOSITIVE>
   <ISPARTYLEDGER>true</ISPARTYLEDGER>
   <AMOUNT>
    <AMOUNT>14560</AMOUNT>
    <CURRENCY>₹</CURRENCY>
    <FOREXSYMBOL>- * -</FOREXSYMBOL>
    <ISDEBIT>true</ISDEBIT>
   </AMOUNT>
   <BILLALLOCATIONS.LIST>
    <BILLTYPE>NewRef</BILLTYPE>
    <NAME>2</NAME>
    <AMOUNT>
     <AMOUNT>14560</AMOUNT>
     <CURRENCY>₹</CURRENCY>
     <FOREXSYMBOL>- * -</FOREXSYMBOL>
     <ISDEBIT>true</ISDEBIT>
    </AMOUNT>
   </BILLALLOCATIONS.LIST>
   <BILLALLOCATIONS.LIST>
    <BILLTYPE>NewRef</BILLTYPE>
    <NAME>2</NAME>
    <AMOUNT>
     <AMOUNT>1300</AMOUNT>
     <CURRENCY>₹</CURRENCY>
     <FOREXSYMBOL>- * -</FOREXSYMBOL>
     <ISDEBIT>false</ISDEBIT>
    </AMOUNT>
   </BILLALLOCATIONS.LIST>
   <BILLALLOCATIONS.LIST>
    <BILLTYPE>OnAccount</BILLTYPE>
    <AMOUNT>
     <AMOUNT>1300</AMOUNT>
     <CURRENCY>₹</CURRENCY>
     <FOREXSYMBOL>- * -</FOREXSYMBOL>
     <ISDEBIT>true</ISDEBIT>
    </AMOUNT>
   </BILLALLOCATIONS.LIST>
  </LEDGERENTRIES.LIST>
  <LEDGERENTRIES.LIST>
   <INDEXNUMBER>2</INDEXNUMBER>
   <LEDGERNAME>Output VAT @ 4%</LEDGERNAME>
   <LEDGERTAXTYPE>On VAT Rate</LEDGERTAXTYPE>
   <VCHLEDGERTYPE>VAT</VCHLEDGERTYPE>
   <ISDEEMEDPOSITIVE>false</ISDEEMEDPOSITIVE>
   <ISPARTYLEDGER>false</ISPARTYLEDGER>
   <AMOUNT>
    <AMOUNT>560</AMOUNT>
    <CURRENCY>₹</CURRENCY>
    <FOREXSYMBOL>- * -</FOREXSYMBOL>
    <ISDEBIT>false</ISDEBIT>
   </AMOUNT>
  </LEDGERENTRIES.LIST>
  <ALLINVENTORYENTRIES.LIST>
   <INDEXNUMBER>1</INDEXNUMBER>
   <STOCKITEMNAME>CDROM Disks 100s</STOCKITEMNAME>
   <ISSCRAP>false</ISSCRAP>
   <DISCOUNT>0</DISCOUNT>
   <ISDEEMEDPOSITIVE>false</ISDEEMEDPOSITIVE>
   <BASICUSERDESCRIPTION.LIST>
    <BASICUSERDESCRIPTION>Radha</BASICUSERDESCRIPTION>
   </BASICUSERDESCRIPTION.LIST>
   <RATE>
    <BASERATE>700.00</BASERATE>
    <FOREXRATE>700</FOREXRATE>
    <UNIT>Box</UNIT>
   </RATE>
   <ACTUALQTY>
    <UNIT>Box of 100 Nos</UNIT>
    <QUANTITY>1500</QUANTITY>
   </ACTUALQTY>
   <BILLEDQTY>
    <UNIT>Box of 100 Nos</UNIT>
    <QUANTITY>1500</QUANTITY>
   </BILLEDQTY>
   <AMOUNT>
    <AMOUNT>10500</AMOUNT>
    <CURRENCY>₹</CURRENCY>
    <FOREXSYMBOL>- * -</FOREXSYMBOL>
    <ISDEBIT>false</ISDEBIT>
   </AMOUNT>
   <BATCHALLOCATIONS.LIST>
    <TRACKINGNUMBER>Not Applicable</TRACKINGNUMBER>
    <ORDERNO>Not Applicable</ORDERNO>
    <GODOWNNAME>Stores</GODOWNNAME>
    <BATCHNAME>Primary Batch</BATCHNAME>
    <AMOUNT>
     <AMOUNT>10500</AMOUNT>
     <CURRENCY>₹</CURRENCY>
     <FOREXSYMBOL>- * -</FOREXSYMBOL>
     <ISDEBIT>false</ISDEBIT>
    </AMOUNT>
    <ACTUALQTY>
     <UNIT>Box of 100 Nos</UNIT>
     <QUANTITY>1500</QUANTITY>
    </ACTUALQTY>
    <BILLEDQTY>
     <UNIT>Box of 100 Nos</UNIT>
     <QUANTITY>1500</QUANTITY>
    </BILLEDQTY>
   </BATCHALLOCATIONS.LIST>
   <ACCOUNTINGALLOCATIONS.LIST>
    <INDEXNUMBER>1</INDEXNUMBER>
    <LEDGERNAME>Advertisement Charges</LEDGERNAME>
    <VCHLEDGERTYPE>Others</VCHLEDGERTYPE>
    <ISDEEMEDPOSITIVE>false</ISDEEMEDPOSITIVE>
    <AMOUNT>
     <AMOUNT>10500</AMOUNT>
     <CURRENCY>₹</CURRENCY>
     <FOREXSYMBOL>- * -</FOREXSYMBOL>
     <ISDEBIT>false</ISDEBIT>
    </AMOUNT>
   </ACCOUNTINGALLOCATIONS.LIST>
  </ALLINVENTORYENTRIES.LIST>
  <ALLINVENTORYENTRIES.LIST>
   <INDEXNUMBER>2</INDEXNUMBER>
   <STOCKITEMNAME>CDROM Disks 10s</STOCKITEMNAME>
   <ISSCRAP>false</ISSCRAP>
   <DISCOUNT>0</DISCOUNT>
   <ISDEEMEDPOSITIVE>false</ISDEEMEDPOSITIVE>
   <BASICUSERDESCRIPTION.LIST>
    <BASICUSERDESCRIPTION>Radha</BASICUSERDESCRIPTION>
   </BASICUSERDESCRIPTION.LIST>
   <RATE>
    <BASERATE>250.00</BASERATE>
    <FOREXRATE>250</FOREXRATE>
    <UNIT>Box</UNIT>
   </RATE>
   <ACTUALQTY>
    <UNIT>Box of 10 Nos</UNIT>
    <QUANTITY>100</QUANTITY>
   </ACTUALQTY>
   <BILLEDQTY>
    <UNIT>Box of 10 Nos</UNIT>
    <QUANTITY>100</QUANTITY>
   </BILLEDQTY>
   <AMOUNT>
    <AMOUNT>2500</AMOUNT>
    <CURRENCY>₹</CURRENCY>
    <FOREXSYMBOL>- * -</FOREXSYMBOL>
    <ISDEBIT>false</ISDEBIT>
   </AMOUNT>
   <BATCHALLOCATIONS.LIST>
    <TRACKINGNUMBER>Not Applicable</TRACKINGNUMBER>
    <ORDERNO>Not Applicable</ORDERNO>
    <GODOWNNAME>Stores</GODOWNNAME>
    <BATCHNAME>Primary Batch</BATCHNAME>
    <AMOUNT>
     <AMOUNT>2500</AMOUNT>
     <CURRENCY>₹</CURRENCY>
     <FOREXSYMBOL>- * -</FOREXSYMBOL>
     <ISDEBIT>false</ISDEBIT>
    </AMOUNT>
    <ACTUALQTY>
     <UNIT>Box of 10 Nos</UNIT>
     <QUANTITY>100</QUANTITY>
    </ACTUALQTY>
    <BILLEDQTY>
     <UNIT>Box of 10 Nos</UNIT>
     <QUANTITY>100</QUANTITY>
    </BILLEDQTY>
   </BATCHALLOCATIONS.LIST>
   <ACCOUNTINGALLOCATIONS.LIST>
    <INDEXNUMBER>2</INDEXNUMBER>
    <LEDGERNAME>Advertisement Charges</LEDGERNAME>
    <VCHLEDGERTYPE>Others</VCHLEDGERTYPE>
    <ISDEEMEDPOSITIVE>false</ISDEEMEDPOSITIVE>
    <AMOUNT>
     <AMOUNT>2500</AMOUNT>
     <CURRENCY>₹</CURRENCY>
     <FOREXSYMBOL>- * -</FOREXSYMBOL>
     <ISDEBIT>false</ISDEBIT>
    </AMOUNT>
   </ACCOUNTINGALLOCATIONS.LIST>
  </ALLINVENTORYENTRIES.LIST>
  <ALLINVENTORYENTRIES.LIST>
   <INDEXNUMBER>3</INDEXNUMBER>
   <STOCKITEMNAME>Dust Covers</STOCKITEMNAME>
   <ISSCRAP>false</ISSCRAP>
   <DISCOUNT>0</DISCOUNT>
   <ISDEEMEDPOSITIVE>false</ISDEEMEDPOSITIVE>
   <BASICUSERDESCRIPTION.LIST>
    <BASICUSERDESCRIPTION>Radha</BASICUSERDESCRIPTION>
   </BASICUSERDESCRIPTION.LIST>
   <RATE>
    <BASERATE>100.00</BASERATE>
    <FOREXRATE>100</FOREXRATE>
    <UNIT>Nos</UNIT>
   </RATE>
   <ACTUALQTY>
    <UNIT>Nos</UNIT>
    <QUANTITY>10</QUANTITY>
   </ACTUALQTY>
   <BILLEDQTY>
    <UNIT>Nos</UNIT>
    <QUANTITY>10</QUANTITY>
   </BILLEDQTY>
   <AMOUNT>
    <AMOUNT>1000</AMOUNT>
    <CURRENCY>₹</CURRENCY>
    <FOREXSYMBOL>- * -</FOREXSYMBOL>
    <ISDEBIT>false</ISDEBIT>
   </AMOUNT>
   <BATCHALLOCATIONS.LIST>
    <TRACKINGNUMBER>Not Applicable</TRACKINGNUMBER>
    <ORDERNO>Not Applicable</ORDERNO>
    <GODOWNNAME>Stores</GODOWNNAME>
    <BATCHNAME>Primary Batch</BATCHNAME>
    <AMOUNT>
     <AMOUNT>1000</AMOUNT>
     <CURRENCY>₹</CURRENCY>
     <FOREXSYMBOL>- * -</FOREXSYMBOL>
     <ISDEBIT>false</ISDEBIT>
    </AMOUNT>
    <ACTUALQTY>
     <UNIT>Nos</UNIT>
     <QUANTITY>10</QUANTITY>
    </ACTUALQTY>
    <BILLEDQTY>
     <UNIT>Nos</UNIT>
     <QUANTITY>10</QUANTITY>
    </BILLEDQTY>
   </BATCHALLOCATIONS.LIST>
   <ACCOUNTINGALLOCATIONS.LIST>
    <INDEXNUMBER>3</INDEXNUMBER>
    <LEDGERNAME>Advertisement Charges</LEDGERNAME>
    <VCHLEDGERTYPE>Others</VCHLEDGERTYPE>
    <ISDEEMEDPOSITIVE>false</ISDEEMEDPOSITIVE>
    <AMOUNT>
     <AMOUNT>1000</AMOUNT>
     <CURRENCY>₹</CURRENCY>
     <FOREXSYMBOL>- * -</FOREXSYMBOL>
     <ISDEBIT>false</ISDEBIT>
    </AMOUNT>
   </ACCOUNTINGALLOCATIONS.LIST>
  </ALLINVENTORYENTRIES.LIST>
 </VOUCHER>
 <VOUCHER>
  <GUID>52889497-5b6b-403d-8f83-224e3c7759b4-00000014</GUID>
  <REMOTEALTGUID>52889497-5b6b-403d-8f83-224e3c7759b4</REMOTEALTGUID>
  <MASTERID>20</MASTERID>
  <ALTERID>7284</ALTERID>
  <ENTEREDBY>A</ENTEREDBY>
  <DATE>2016-04-08</DATE>
  <EFFECTIVEDATE>2016-04-08</EFFECTIVEDATE>
  <VOUCHERTYPENAME>Sales</VOUCHERTYPENAME>
  <PERSISTEDVIEW>InvoiceVoucherView</PERSISTEDVIEW>
  <VCHGSTCLASS>Not Applicable</VCHGSTCLASS>
  <ISCOSTCENTRE>false</ISCOSTCENTRE>
  <ISINVOICE>true</ISINVOICE>
  <VOUCHERNUMBER>6</VOUCHERNUMBER>
  <ISOPTIONAL>false</ISOPTIONAL>
  <PARTYNAME>Janata Timbers</PARTYNAME>
  <VOUCHERNUMBERSERIES>Default</VOUCHERNUMBERSERIES>
  <GSTREGISTRATION>Not Applicable</GSTREGISTRATION>
  <BASICBUYERNAME>Janata Timbers</BASICBUYERNAME>
  <ISCANCELLED>false</ISCANCELLED>
  <OVRDNEWAYBILLAPPLICABILITY>false</OVRDNEWAYBILLAPPLICABILITY>
  <LEDGERENTRIES.LIST>
   <INDEXNUMBER>1</INDEXNUMBER>
   <LEDGERNAME>Janata Timbers</LEDGERNAME>
   <VCHLEDGERTYPE>Others</VCHLEDGERTYPE>
   <ISDEEMEDPOSITIVE>true</ISDEEMEDPOSITIVE>
   <ISPARTYLEDGER>true</ISPARTYLEDGER>
   <AMOUNT>
    <AMOUNT>490437</AMOUNT>
    <CURRENCY>₹</CURRENCY>
    <FOREXSYMBOL>- * -</FOREXSYMBOL>
    <ISDEBIT>true</ISDEBIT>
   </AMOUNT>
   <BILLALLOCATIONS.LIST>
    <BILLTYPE>NewRef</BILLTYPE>
    <NAME>2</NAME>
    <AMOUNT>
     <AMOUNT>490437</AMOUNT>
     <CURRENCY>₹</CURRENCY>
     <FOREXSYMBOL>- * -</FOREXSYMBOL>
     <ISDEBIT>true</ISDEBIT>
    </AMOUNT>
   </BILLALLOCATIONS.LIST>
  </LEDGERENTRIES.LIST>
  <LEDGERENTRIES.LIST>
   <INDEXNUMBER>2</INDEXNUMBER>
   <LEDGERNAME>TCS @ 2.5%</LEDGERNAME>
   <VCHLEDGERTYPE>TCS</VCHLEDGERTYPE>
   <ISDEEMEDPOSITIVE>false</ISDEEMEDPOSITIVE>
   <ISPARTYLEDGER>false</ISPARTYLEDGER>
   <AMOUNT>
    <AMOUNT>10944</AMOUNT>
    <CURRENCY>₹</CURRENCY>
    <FOREXSYMBOL>- * -</FOREXSYMBOL>
    <ISDEBIT>false</ISDEBIT>
   </AMOUNT>
  </LEDGERENTRIES.LIST>
  <LEDGERENTRIES.LIST>
   <INDEXNUMBER>3</INDEXNUMBER>
   <LEDGERNAME>Output VAT @ 12.5%</LEDGERNAME>
   <LEDGERTAXTYPE>On VAT Rate</LEDGERTAXTYPE>
   <VCHLEDGERTYPE>VAT</VCHLEDGERTYPE>
   <ISDEEMEDPOSITIVE>false</ISDEEMEDPOSITIVE>
   <ISPARTYLEDGER>false</ISPARTYLEDGER>
   <AMOUNT>
    <AMOUNT>54493</AMOUNT>
    <CURRENCY>₹</CURRENCY>
    <FOREXSYMBOL>- * -</FOREXSYMBOL>
    <ISDEBIT>false</ISDEBIT>
   </AMOUNT>
  </LEDGERENTRIES.LIST>
  <ALLINVENTORYENTRIES.LIST>
   <INDEXNUMBER>1</INDEXNUMBER>
   <STOCKITEMNAME>Timber</STOCKITEMNAME>
   <ISSCRAP>false</ISSCRAP>
   <DISCOUNT>0</DISCOUNT>
   <ISDEEMEDPOSITIVE>false</ISDEEMEDPOSITIVE>
   <BASICUSERDESCRIPTION.LIST>
    <BASICUSERDESCRIPTION></BASICUSERDESCRIPTION>
   </BASICUSERDESCRIPTION.LIST>
   <RATE>
    <BASERATE>8500.00</BASERATE>
    <FOREXRATE>8500</FOREXRATE>
    <UNIT>MT</UNIT>
   </RATE>
   <ACTUALQTY>
    <UNIT>MT</UNIT>
    <QUANTITY>50</QUANTITY>
   </ACTUALQTY>
   <BILLEDQTY>
    <UNIT>MT</UNIT>
    <QUANTITY>50</QUANTITY>
   </BILLEDQTY>
   <AMOUNT>
    <AMOUNT>425000</AMOUNT>
    <CURRENCY>₹</CURRENCY>
    <FOREXSYMBOL>- * -</FOREXSYMBOL>
    <ISDEBIT>false</ISDEBIT>
   </AMOUNT>
   <BATCHALLOCATIONS.LIST>
    <TRACKINGNUMBER>Not Applicable</TRACKINGNUMBER>
    <ORDERNO>Not Applicable</ORDERNO>
    <GODOWNNAME>Main Location</GODOWNNAME>
    <BATCHNAME>Primary Batch</BATCHNAME>
    <AMOUNT>
     <AMOUNT>425000</AMOUNT>
     <CURRENCY>₹</CURRENCY>
     <FOREXSYMBOL>- * -</FOREXSYMBOL>
     <ISDEBIT>false</ISDEBIT>
    </AMOUNT>
    <ACTUALQTY>
     <UNIT>MT</UNIT>
     <QUANTITY>50</QUANTITY>
    </ACTUALQTY>
    <BILLEDQTY>
     <UNIT>MT</UNIT>
     <QUANTITY>50</QUANTITY>
    </BILLEDQTY>
   </BATCHALLOCATIONS.LIST>
   <ACCOUNTINGALLOCATIONS.LIST>
    <INDEXNUMBER>1</INDEXNUMBER>
    <LEDGERNAME>Sales @ 12.5%</LEDGERNAME>
    <VCHLEDGERTYPE>Others</VCHLEDGERTYPE>
    <ISDEEMEDPOSITIVE>false</ISDEEMEDPOSITIVE>
    <AMOUNT>
     <AMOUNT>425000</AMOUNT>
     <CURRENCY>₹</CURRENCY>
     <FOREXSYMBOL>- * -</FOREXSYMBOL>
     <ISDEBIT>false</ISDEBIT>
    </AMOUNT>
   </ACCOUNTINGALLOCATIONS.LIST>
  </ALLINVENTORYENTRIES.LIST>
 </VOUCHER>
 <VOUCHER>
  <GUID>52889497-5b6b-403d-8f83-224e3c7759b4-0000001c</GUID>
  <REMOTEALTGUID>52889497-5b6b-403d-8f83-224e3c7759b4</REMOTEALTGUID>
  <MASTERID>28</MASTERID>
  <ALTERID>7291</ALTERID>
  <ENTEREDBY>A</ENTEREDBY>
  <DATE>2016-04-10</DATE>
  <EFFECTIVEDATE>2016-04-10</EFFECTIVEDATE>
  <VOUCHERTYPENAME>Sales</VOUCHERTYPENAME>
  <PERSISTEDVIEW>InvoiceVoucherView</PERSISTEDVIEW>
  <VCHGSTCLASS>Not Applicable</VCHGSTCLASS>
  <ISCOSTCENTRE>false</ISCOSTCENTRE>
  <ISINVOICE>true</ISINVOICE>
  <VOUCHERNUMBER>7</VOUCHERNUMBER>
  <ISOPTIONAL>false</ISOPTIONAL>
  <NARRATION>Being Assembled PIV Computers sold.</NARRATION>
  <BASICDUEDATEOFPYMT>90 Days</BASICDUEDATEOFPYMT>
  <PARTYNAME>D R D O, Bangalore</PARTYNAME>
  <VOUCHERNUMBERSERIES>Default</VOUCHERNUMBERSERIES>
  <GSTREGISTRATION>Not Applicable</GSTREGISTRATION>
  <BASICBUYERNAME>Universal Systems</BASICBUYERNAME>
  <ISCANCELLED>false</ISCANCELLED>
  <OVRDNEWAYBILLAPPLICABILITY>false</OVRDNEWAYBILLAPPLICABILITY>
  <LEDGERENTRIES.LIST>
   <INDEXNUMBER>1</INDEXNUMBER>
   <LEDGERNAME>Universal Systems</LEDGERNAME>
   <VCHLEDGERTYPE>Others</VCHLEDGERTYPE>
   <ISDEEMEDPOSITIVE>true</ISDEEMEDPOSITIVE>
   <ISPARTYLEDGER>true</ISPARTYLEDGER>
   <AMOUNT>
    <AMOUNT>231300</AMOUNT>
    <CURRENCY>₹</CURRENCY>
    <FOREXSYMBOL>- * -</FOREXSYMBOL>
    <ISDEBIT>true</ISDEBIT>
   </AMOUNT>
   <BILLALLOCATIONS.LIST>
    <BILLTYPE>NewRef</BILLTYPE>
    <NAME>5</NAME>
    <BILLCREDITPERIOD>
     <DUEONDATE>2016-05-25</DUEONDATE>
     <INDAYS>45</INDAYS>
     <INTEXT>45 Days</INTEXT>
    </BILLCREDITPERIOD>
    <AMOUNT>
     <AMOUNT>231300</AMOUNT>
     <CURRENCY>₹</CURRENCY>
     <FOREXSYMBOL>- * -</FOREXSYMBOL>
     <ISDEBIT>true</ISDEBIT>
    </AMOUNT>
   </BILLALLOCATIONS.LIST>
  </LEDGERENTRIES.LIST>
  <LEDGERENTRIES.LIST>
   <INDEXNUMBER>2</INDEXNUMBER>
   <LEDGERNAME>Transportation &amp; Packaging</LEDGERNAME>
   <VCHLEDGERTYPE>Others</VCHLEDGERTYPE>
   <ISDEEMEDPOSITIVE>false</ISDEEMEDPOSITIVE>
   <ISPARTYLEDGER>false</ISPARTYLEDGER>
   <AMOUNT>
    <AMOUNT>2500</AMOUNT>
    <CURRENCY>₹</CURRENCY>
    <FOREXSYMBOL>- * -</FOREXSYMBOL>
    <ISDEBIT>false</ISDEBIT>
   </AMOUNT>
  </LEDGERENTRIES.LIST>
  <LEDGERENTRIES.LIST>
   <INDEXNUMBER>3</INDEXNUMBER>
   <LEDGERNAME>CST Tax @ 4%</LEDGERNAME>
   <LEDGERTAXTYPE>Sales Tax</LEDGERTAXTYPE>
   <VCHLEDGERTYPE>Others</VCHLEDGERTYPE>
   <ISDEEMEDPOSITIVE>false</ISDEEMEDPOSITIVE>
   <ISPARTYLEDGER>false</ISPARTYLEDGER>
   <AMOUNT>
    <AMOUNT>8800</AMOUNT>
    <CURRENCY>₹</CURRENCY>
    <FOREXSYMBOL>- * -</FOREXSYMBOL>
    <ISDEBIT>false</ISDEBIT>
   </AMOUNT>
  </LEDGERENTRIES.LIST>
  <ALLINVENTORYENTRIES.LIST>
   <INDEXNUMBER>1</INDEXNUMBER>
   <STOCKITEMNAME>Assembled PIV</STOCKITEMNAME>
   <ISSCRAP>false</ISSCRAP>
   <DISCOUNT>0</DISCOUNT>
   <ISDEEMEDPOSITIVE>false</ISDEEMEDPOSITIVE>
   <BASICUSERDESCRIPTION.LIST>
    <BASICUSERDESCRIPTION></BASICUSERDESCRIPTION>
   </BASICUSERDESCRIPTION.LIST>
   <RATE>
    <BASERATE>22000.00</BASERATE>
    <FOREXRATE>22000</FOREXRATE>
    <UNIT>Nos</UNIT>
   </RATE>
   <ACTUALQTY>
    <UNIT>Nos</UNIT>
    <QUANTITY>10</QUANTITY>
   </ACTUALQTY>
   <BILLEDQTY>
    <UNIT>Nos</UNIT>
    <QUANTITY>10</QUANTITY>
   </BILLEDQTY>
   <AMOUNT>
    <AMOUNT>220000</AMOUNT>
    <CURRENCY>₹</CURRENCY>
    <FOREXSYMBOL>- * -</FOREXSYMBOL>
    <ISDEBIT>false</ISDEBIT>
   </AMOUNT>
   <BATCHALLOCATIONS.LIST>
    <TRACKINGNUMBER>Not Applicable</TRACKINGNUMBER>
    <ORDERNO>Not Applicable</ORDERNO>
    <GODOWNNAME>Assembly Floor</GODOWNNAME>
    <BATCHNAME>Primary Batch</BATCHNAME>
    <AMOUNT>
     <AMOUNT>220000</AMOUNT>
     <CURRENCY>₹</CURRENCY>
     <FOREXSYMBOL>- * -</FOREXSYMBOL>
     <ISDEBIT>false</ISDEBIT>
    </AMOUNT>
    <ACTUALQTY>
     <UNIT>Nos</UNIT>
     <QUANTITY>10</QUANTITY>
    </ACTUALQTY>
    <BILLEDQTY>
     <UNIT>Nos</UNIT>
     <QUANTITY>10</QUANTITY>
    </BILLEDQTY>
   </BATCHALLOCATIONS.LIST>
   <ACCOUNTINGALLOCATIONS.LIST>
    <INDEXNUMBER>1</INDEXNUMBER>
    <LEDGERNAME>Interstate Sales @ 4%</LEDGERNAME>
    <LEDGERTAXTYPE>Sales Tax</LEDGERTAXTYPE>
    <VCHLEDGERTYPE>Others</VCHLEDGERTYPE>
    <ISDEEMEDPOSITIVE>false</ISDEEMEDPOSITIVE>
    <AMOUNT>
     <AMOUNT>220000</AMOUNT>
     <CURRENCY>₹</CURRENCY>
     <FOREXSYMBOL>- * -</FOREXSYMBOL>
     <ISDEBIT>false</ISDEBIT>
    </AMOUNT>
   </ACCOUNTINGALLOCATIONS.LIST>
  </ALLINVENTORYENTRIES.LIST>
 </VOUCHER>
 <VOUCHER>
  <GUID>52889497-5b6b-403d-8f83-224e3c7759b4-00000020</GUID>
  <REMOTEALTGUID>52889497-5b6b-403d-8f83-224e3c7759b4</REMOTEALTGUID>
  <MASTERID>32</MASTERID>
  <ALTERID>7295</ALTERID>
  <ENTEREDBY>A</ENTEREDBY>
  <DATE>2016-04-13</DATE>
  <EFFECTIVEDATE>2016-04-13</EFFECTIVEDATE>
  <VOUCHERTYPENAME>Sales</VOUCHERTYPENAME>
  <PERSISTEDVIEW>InvoiceVoucherView</PERSISTEDVIEW>
  <VCHGSTCLASS>Not Applicable</VCHGSTCLASS>
  <ISCOSTCENTRE>false</ISCOSTCENTRE>
  <ISINVOICE>true</ISINVOICE>
  <VOUCHERNUMBER>8</VOUCHERNUMBER>
  <ISOPTIONAL>false</ISOPTIONAL>
  <BASICDUEDATEOFPYMT>30 Days</BASICDUEDATEOFPYMT>
  <PARTYNAME>Hindustan Timbers</PARTYNAME>
  <VOUCHERNUMBERSERIES>Default</VOUCHERNUMBERSERIES>
  <GSTREGISTRATION>Not Applicable</GSTREGISTRATION>
  <BASICBUYERNAME>Hindustan Timbers</BASICBUYERNAME>
  <ISCANCELLED>false</ISCANCELLED>
  <OVRDNEWAYBILLAPPLICABILITY>false</OVRDNEWAYBILLAPPLICABILITY>
  <LEDGERENTRIES.LIST>
   <INDEXNUMBER>1</INDEXNUMBER>
   <LEDGERNAME>Hindustan Timbers</LEDGERNAME>
   <VCHLEDGERTYPE>Others</VCHLEDGERTYPE>
   <ISDEEMEDPOSITIVE>true</ISDEEMEDPOSITIVE>
   <ISPARTYLEDGER>true</ISPARTYLEDGER>
   <AMOUNT>
    <AMOUNT>311572.13</AMOUNT>
    <CURRENCY>₹</CURRENCY>
    <FOREXSYMBOL>- * -</FOREXSYMBOL>
    <ISDEBIT>true</ISDEBIT>
   </AMOUNT>
   <BILLALLOCATIONS.LIST>
    <BILLTYPE>NewRef</BILLTYPE>
    <NAME>3</NAME>
    <BILLCREDITPERIOD>
     <DUEONDATE>2016-05-13</DUEONDATE>
     <INDAYS>30</INDAYS>
     <INTEXT>30 Days</INTEXT>
    </BILLCREDITPERIOD>
    <AMOUNT>
     <AMOUNT>311572.13</AMOUNT>
     <CURRENCY>₹</CURRENCY>
     <FOREXSYMBOL>- * -</FOREXSYMBOL>
     <ISDEBIT>true</ISDEBIT>
    </AMOUNT>
   </BILLALLOCATIONS.LIST>
  </LEDGERENTRIES.LIST>
  <LEDGERENTRIES.LIST>
   <INDEXNUMBER>2</INDEXNUMBER>
   <LEDGERNAME>TCS @ 2.5%</LEDGERNAME>
   <VCHLEDGERTYPE>TCS</VCHLEDGERTYPE>
   <ISDEEMEDPOSITIVE>false</ISDEEMEDPOSITIVE>
   <ISPARTYLEDGER>false</ISPARTYLEDGER>
   <AMOUNT>
    <AMOUNT>6953</AMOUNT>
    <CURRENCY>₹</CURRENCY>
    <FOREXSYMBOL>- * -</FOREXSYMBOL>
    <ISDEBIT>false</ISDEBIT>
   </AMOUNT>
  </LEDGERENTRIES.LIST>
  <LEDGERENTRIES.LIST>
   <INDEXNUMBER>3</INDEXNUMBER>
   <LEDGERNAME>Output VAT @ 12.5%</LEDGERNAME>
   <LEDGERTAXTYPE>On VAT Rate</LEDGERTAXTYPE>
   <VCHLEDGERTYPE>VAT</VCHLEDGERTYPE>
   <ISDEEMEDPOSITIVE>false</ISDEEMEDPOSITIVE>
   <ISPARTYLEDGER>false</ISPARTYLEDGER>
   <AMOUNT>
    <AMOUNT>34619.13</AMOUNT>
    <CURRENCY>₹</CURRENCY>
    <FOREXSYMBOL>- * -</FOREXSYMBOL>
    <ISDEBIT>false</ISDEBIT>
   </AMOUNT>
  </LEDGERENTRIES.LIST>
  <ALLINVENTORYENTRIES.LIST>
   <INDEXNUMBER>1</INDEXNUMBER>
   <STOCKITEMNAME>Timber</STOCKITEMNAME>
   <ISSCRAP>false</ISSCRAP>
   <DISCOUNT>0</DISCOUNT>
   <ISDEEMEDPOSITIVE>false</ISDEEMEDPOSITIVE>
   <BASICUSERDESCRIPTION.LIST>
    <BASICUSERDESCRIPTION></BASICUSERDESCRIPTION>
   </BASICUSERDESCRIPTION.LIST>
   <RATE>
    <BASERATE>9000.00</BASERATE>
    <FOREXRATE>9000</FOREXRATE>
    <UNIT>MT</UNIT>
   </RATE>
   <ACTUALQTY>
    <UNIT>MT</UNIT>
    <QUANTITY>30</QUANTITY>
   </ACTUALQTY>
   <BILLEDQTY>
    <UNIT>MT</UNIT>
    <QUANTITY>30</QUANTITY>
   </BILLEDQTY>
   <AMOUNT>
    <AMOUNT>270000</AMOUNT>
    <CURRENCY>₹</CURRENCY>
    <FOREXSYMBOL>- * -</FOREXSYMBOL>
    <ISDEBIT>false</ISDEBIT>
   </AMOUNT>
   <BATCHALLOCATIONS.LIST>
    <TRACKINGNUMBER>Not Applicable</TRACKINGNUMBER>
    <ORDERNO>Not Applicable</ORDERNO>
    <GODOWNNAME>Main Location</GODOWNNAME>
    <BATCHNAME>Primary Batch</BATCHNAME>
    <AMOUNT>
     <AMOUNT>270000</AMOUNT>
     <CURRENCY>₹</CURRENCY>
     <FOREXSYMBOL>- * -</FOREXSYMBOL>
     <ISDEBIT>false</ISDEBIT>
    </AMOUNT>
    <ACTUALQTY>
     <UNIT>MT</UNIT>
     <QUANTITY>30</QUANTITY>
    </ACTUALQTY>
    <BILLEDQTY>
     <UNIT>MT</UNIT>
     <QUANTITY>30</QUANTITY>
    </BILLEDQTY>
   </BATCHALLOCATIONS.LIST>
   <ACCOUNTINGALLOCATIONS.LIST>
    <INDEXNUMBER>1</INDEXNUMBER>
    <LEDGERNAME>Sales @ 12.5%</LEDGERNAME>
    <VCHLEDGERTYPE>Others</VCHLEDGERTYPE>
    <ISDEEMEDPOSITIVE>false</ISDEEMEDPOSITIVE>
    <AMOUNT>
     <AMOUNT>270000</AMOUNT>
     <CURRENCY>₹</CURRENCY>
     <FOREXSYMBOL>- * -</FOREXSYMBOL>
     <ISDEBIT>false</ISDEBIT>
    </AMOUNT>
   </ACCOUNTINGALLOCATIONS.LIST>
  </ALLINVENTORYENTRIES.LIST>
 </VOUCHER>
 <VOUCHER>
  <GUID>52889497-5b6b-403d-8f83-224e3c7759b4-000012a0</GUID>
  <REMOTEALTGUID>52889497-5b6b-403d-8f83-224e3c7759b4</REMOTEALTGUID>
  <MASTERID>4768</MASTERID>
  <ALTERID>7306</ALTERID>
  <ENTEREDBY>A</ENTEREDBY>
  <DATE>2016-04-20</DATE>
  <EFFECTIVEDATE>2016-04-20</EFFECTIVEDATE>
  <VOUCHERTYPENAME>Sales</VOUCHERTYPENAME>
  <PERSISTEDVIEW>InvoiceVoucherView</PERSISTEDVIEW>
  <VCHGSTCLASS>Not Applicable</VCHGSTCLASS>
  <ISCOSTCENTRE>false</ISCOSTCENTRE>
  <ISINVOICE>true</ISINVOICE>
  <VOUCHERNUMBER>9</VOUCHERNUMBER>
  <ISOPTIONAL>false</ISOPTIONAL>
  <PARTYNAME>Cash</PARTYNAME>
  <VOUCHERNUMBERSERIES>Default</VOUCHERNUMBERSERIES>
  <GSTREGISTRATION>Not Applicable</GSTREGISTRATION>
  <BASICBUYERNAME>Cash</BASICBUYERNAME>
  <ISCANCELLED>false</ISCANCELLED>
  <OVRDNEWAYBILLAPPLICABILITY>false</OVRDNEWAYBILLAPPLICABILITY>
  <LEDGERENTRIES.LIST>
   <INDEXNUMBER>1</INDEXNUMBER>
   <LEDGERNAME>Cash</LEDGERNAME>
   <VCHLEDGERTYPE>Others</VCHLEDGERTYPE>
   <ISDEEMEDPOSITIVE>true</ISDEEMEDPOSITIVE>
   <ISPARTYLEDGER>true</ISPARTYLEDGER>
   <AMOUNT>
    <AMOUNT>5200000</AMOUNT>
    <CURRENCY>₹</CURRENCY>
    <FOREXSYMBOL>- * -</FOREXSYMBOL>
    <ISDEBIT>true</ISDEBIT>
   </AMOUNT>
  </LEDGERENTRIES.LIST>
  <LEDGERENTRIES.LIST>
   <INDEXNUMBER>2</INDEXNUMBER>
   <LEDGERNAME>Sales @ 4%</LEDGERNAME>
   <VCHLEDGERTYPE>Others</VCHLEDGERTYPE>
   <ISDEEMEDPOSITIVE>false</ISDEEMEDPOSITIVE>
   <ISPARTYLEDGER>false</ISPARTYLEDGER>
   <AMOUNT>
    <AMOUNT>5000000</AMOUNT>
    <CURRENCY>₹</CURRENCY>
    <FOREXSYMBOL>- * -</FOREXSYMBOL>
    <ISDEBIT>false</ISDEBIT>
   </AMOUNT>
  </LEDGERENTRIES.LIST>
  <LEDGERENTRIES.LIST>
   <INDEXNUMBER>3</INDEXNUMBER>
   <LEDGERNAME>Output VAT @ 4%</LEDGERNAME>
   <LEDGERTAXTYPE>On VAT Rate</LEDGERTAXTYPE>
   <VCHLEDGERTYPE>VAT</VCHLEDGERTYPE>
   <ISDEEMEDPOSITIVE>false</ISDEEMEDPOSITIVE>
   <ISPARTYLEDGER>false</ISPARTYLEDGER>
   <AMOUNT>
    <AMOUNT>200000</AMOUNT>
    <CURRENCY>₹</CURRENCY>
    <FOREXSYMBOL>- * -</FOREXSYMBOL>
    <ISDEBIT>false</ISDEBIT>
   </AMOUNT>
  </LEDGERENTRIES.LIST>
  <ALLINVENTORYENTRIES.LIST>
   <INDEXNUMBER>1</INDEXNUMBER>
   <STOCKITEMNAME>Mother Board</STOCKITEMNAME>
   <ISSCRAP>false</ISSCRAP>
   <DISCOUNT>0</DISCOUNT>
   <ISDEEMEDPOSITIVE>false</ISDEEMEDPOSITIVE>
   <BASICUSERDESCRIPTION.LIST>
    <BASICUSERDESCRIPTION>ABC</BASICUSERDESCRIPTION>
   </BASICUSERDESCRIPTION.LIST>
   <ACTUALQTY>
    <UNIT>Nos</UNIT>
    <QUANTITY>50</QUANTITY>
   </ACTUALQTY>
   <BILLEDQTY>
    <UNIT>Nos</UNIT>
    <QUANTITY>50</QUANTITY>
   </BILLEDQTY>
   <AMOUNT>
    <AMOUNT>0</AMOUNT>
    <CURRENCY>₹</CURRENCY>
    <FOREXSYMBOL></FOREXSYMBOL>
    <ISDEBIT>false</ISDEBIT>
   </AMOUNT>
   <BATCHALLOCATIONS.LIST>
    <TRACKINGNUMBER>Not Applicable</TRACKINGNUMBER>
    <ORDERNO>Not Applicable</ORDERNO>
    <GODOWNNAME>Assembly Floor</GODOWNNAME>
    <BATCHNAME>Primary Batch</BATCHNAME>
    <AMOUNT>
     <AMOUNT>0</AMOUNT>
     <CURRENCY>₹</CURRENCY>
     <FOREXSYMBOL></FOREXSYMBOL>
     <ISDEBIT>false</ISDEBIT>
    </AMOUNT>
    <ACTUALQTY>
     <UNIT>Nos</UNIT>
     <QUANTITY>50</QUANTITY>
    </ACTUALQTY>
    <BILLEDQTY>
     <UNIT>Nos</UNIT>
     <QUANTITY>50</QUANTITY>
    </BILLEDQTY>
   </BATCHALLOCATIONS.LIST>
   <ACCOUNTINGALLOCATIONS.LIST>
    <INDEXNUMBER>1</INDEXNUMBER>
    <LEDGERNAME>Cash Sales</LEDGERNAME>
    <VCHLEDGERTYPE>Others</VCHLEDGERTYPE>
    <ISDEEMEDPOSITIVE>false</ISDEEMEDPOSITIVE>
    <AMOUNT>
     <AMOUNT>0</AMOUNT>
     <CURRENCY>₹</CURRENCY>
     <FOREXSYMBOL></FOREXSYMBOL>
     <ISDEBIT>false</ISDEBIT>
    </AMOUNT>
   </ACCOUNTINGALLOCATIONS.LIST>
  </ALLINVENTORYENTRIES.LIST>
 </VOUCHER>
 <VOUCHER>
  <GUID>52889497-5b6b-403d-8f83-224e3c7759b4-00000033</GUID>
  <REMOTEALTGUID>52889497-5b6b-403d-8f83-224e3c7759b4</REMOTEALTGUID>
  <MASTERID>51</MASTERID>
  <ALTERID>7312</ALTERID>
  <ENTEREDBY>A</ENTEREDBY>
  <DATE>2016-04-25</DATE>
  <EFFECTIVEDATE>2016-04-25</EFFECTIVEDATE>
  <VOUCHERTYPENAME>Sales</VOUCHERTYPENAME>
  <PERSISTEDVIEW>InvoiceVoucherView</PERSISTEDVIEW>
  <VCHGSTCLASS>Not Applicable</VCHGSTCLASS>
  <ISCOSTCENTRE>false</ISCOSTCENTRE>
  <ISINVOICE>true</ISINVOICE>
  <VOUCHERNUMBER>10</VOUCHERNUMBER>
  <ISOPTIONAL>false</ISOPTIONAL>
  <NARRATION>Being Laser printers sold.</NARRATION>
  <PARTYNAME>Amar Computer Peripherals</PARTYNAME>
  <VOUCHERNUMBERSERIES>Default</VOUCHERNUMBERSERIES>
  <GSTREGISTRATION>Not Applicable</GSTREGISTRATION>
  <BASICBUYERNAME>Amar Computer Peripherals</BASICBUYERNAME>
  <ISCANCELLED>false</ISCANCELLED>
  <OVRDNEWAYBILLAPPLICABILITY>false</OVRDNEWAYBILLAPPLICABILITY>
  <LEDGERENTRIES.LIST>
   <INDEXNUMBER>1</INDEXNUMBER>
   <LEDGERNAME>Amar Computer Peripherals</LEDGERNAME>
   <VCHLEDGERTYPE>Others</VCHLEDGERTYPE>
   <ISDEEMEDPOSITIVE>true</ISDEEMEDPOSITIVE>
   <ISPARTYLEDGER>true</ISPARTYLEDGER>
   <AMOUNT>
    <AMOUNT>133125</AMOUNT>
    <CURRENCY>₹</CURRENCY>
    <FOREXSYMBOL>- * -</FOREXSYMBOL>
    <ISDEBIT>true</ISDEBIT>
   </AMOUNT>
   <BILLALLOCATIONS.LIST>
    <BILLTYPE>NewRef</BILLTYPE>
    <NAME>8</NAME>
    <AMOUNT>
     <AMOUNT>133125</AMOUNT>
     <CURRENCY>₹</CURRENCY>
     <FOREXSYMBOL>- * -</FOREXSYMBOL>
     <ISDEBIT>true</ISDEBIT>
    </AMOUNT>
   </BILLALLOCATIONS.LIST>
  </LEDGERENTRIES.LIST>
  <LEDGERENTRIES.LIST>
   <INDEXNUMBER>2</INDEXNUMBER>
   <LEDGERNAME>Sales @ 12.5%</LEDGERNAME>
   <VCHLEDGERTYPE>Others</VCHLEDGERTYPE>
   <ISDEEMEDPOSITIVE>false</ISDEEMEDPOSITIVE>
   <ISPARTYLEDGER>false</ISPARTYLEDGER>
   <AMOUNT>
    <AMOUNT>13125</AMOUNT>
    <CURRENCY>₹</CURRENCY>
    <FOREXSYMBOL>- * -</FOREXSYMBOL>
    <ISDEBIT>false</ISDEBIT>
   </AMOUNT>
  </LEDGERENTRIES.LIST>
  <ALLINVENTORYENTRIES.LIST>
   <INDEXNUMBER>1</INDEXNUMBER>
   <STOCKITEMNAME>HP Laserjet 1010 Series</STOCKITEMNAME>
   <ISSCRAP>false</ISSCRAP>
   <DISCOUNT>0</DISCOUNT>
   <ISDEEMEDPOSITIVE>false</ISDEEMEDPOSITIVE>
   <BASICUSERDESCRIPTION.LIST>
    <BASICUSERDESCRIPTION></BASICUSERDESCRIPTION>
   </BASICUSERDESCRIPTION.LIST>
   <RATE>
    <BASERATE>12000.00</BASERATE>
    <FOREXRATE>12000</FOREXRATE>
    <UNIT>Nos</UNIT>
   </RATE>
   <ACTUALQTY>
    <UNIT>Nos</UNIT>
    <QUANTITY>10</QUANTITY>
   </ACTUALQTY>
   <BILLEDQTY>
    <UNIT>Nos</UNIT>
    <QUANTITY>10</QUANTITY>
   </BILLEDQTY>
   <AMOUNT>
    <AMOUNT>120000</AMOUNT>
    <CURRENCY>₹</CURRENCY>
    <FOREXSYMBOL>- * -</FOREXSYMBOL>
    <ISDEBIT>false</ISDEBIT>
   </AMOUNT>
   <BATCHALLOCATIONS.LIST>
    <TRACKINGNUMBER>Not Applicable</TRACKINGNUMBER>
    <ORDERNO>Not Applicable</ORDERNO>
    <GODOWNNAME>Stores</GODOWNNAME>
    <BATCHNAME>Primary Batch</BATCHNAME>
    <AMOUNT>
     <AMOUNT>120000</AMOUNT>
     <CURRENCY>₹</CURRENCY>
     <FOREXSYMBOL>- * -</FOREXSYMBOL>
     <ISDEBIT>false</ISDEBIT>
    </AMOUNT>
    <ACTUALQTY>
     <UNIT>Nos</UNIT>
     <QUANTITY>10</QUANTITY>
    </ACTUALQTY>
    <BILLEDQTY>
     <UNIT>Nos</UNIT>
     <QUANTITY>10</QUANTITY>
    </BILLEDQTY>
   </BATCHALLOCATIONS.LIST>
   <ACCOUNTINGALLOCATIONS.LIST>
    <INDEXNUMBER>1</INDEXNUMBER>
    <LEDGERNAME>Sales @ 12.5%</LEDGERNAME>
    <VCHLEDGERTYPE>Others</VCHLEDGERTYPE>
    <ISDEEMEDPOSITIVE>false</ISDEEMEDPOSITIVE>
    <AMOUNT>
     <AMOUNT>120000</AMOUNT>
     <CURRENCY>₹</CURRENCY>
     <FOREXSYMBOL>- * -</FOREXSYMBOL>
     <ISDEBIT>false</ISDEBIT>
    </AMOUNT>
   </ACCOUNTINGALLOCATIONS.LIST>
  </ALLINVENTORYENTRIES.LIST>
 </VOUCHER>
 <VOUCHER>
  <GUID>52889497-5b6b-403d-8f83-224e3c7759b4-00000040</GUID>
  <REMOTEALTGUID>52889497-5b6b-403d-8f83-224e3c7759b4</REMOTEALTGUID>
  <MASTERID>64</MASTERID>
  <ALTERID>7324</ALTERID>
  <ENTEREDBY>A</ENTEREDBY>
  <DATE>2016-04-30</DATE>
  <EFFECTIVEDATE>2016-04-30</EFFECTIVEDATE>
  <VOUCHERTYPENAME>Sales</VOUCHERTYPENAME>
  <PERSISTEDVIEW>InvoiceVoucherView</PERSISTEDVIEW>
  <VCHGSTCLASS>Not Applicable</VCHGSTCLASS>
  <ISCOSTCENTRE>false</ISCOSTCENTRE>
  <ISINVOICE>true</ISINVOICE>
  <VOUCHERNUMBER>11</VOUCHERNUMBER>
  <ISOPTIONAL>false</ISOPTIONAL>
  <NARRATION>Being Dot Matrix Printers sold.</NARRATION>
  <BASICDUEDATEOFPYMT>15 Days</BASICDUEDATEOFPYMT>
  <PARTYNAME>Xyz Consultants</PARTYNAME>
  <VOUCHERNUMBERSERIES>Default</VOUCHERNUMBERSERIES>
  <GSTREGISTRATION>Not Applicable</GSTREGISTRATION>
  <BASICBUYERNAME>Supreme Computers &amp; Peripherals</BASICBUYERNAME>
  <ISCANCELLED>false</ISCANCELLED>
  <OVRDNEWAYBILLAPPLICABILITY>false</OVRDNEWAYBILLAPPLICABILITY>
  <LEDGERENTRIES.LIST>
   <INDEXNUMBER>1</INDEXNUMBER>
   <LEDGERNAME>Supreme Computers Peripherals</LEDGERNAME>
   <VCHLEDGERTYPE>Others</VCHLEDGERTYPE>
   <ISDEEMEDPOSITIVE>true</ISDEEMEDPOSITIVE>
   <ISPARTYLEDGER>true</ISPARTYLEDGER>
   <AMOUNT>
    <AMOUNT>185625</AMOUNT>
    <CURRENCY>₹</CURRENCY>
    <FOREXSYMBOL>- * -</FOREXSYMBOL>
    <ISDEBIT>true</ISDEBIT>
   </AMOUNT>
   <BILLALLOCATIONS.LIST>
    <BILLTYPE>NewRef</BILLTYPE>
    <NAME>9</NAME>
    <BILLCREDITPERIOD>
     <DUEONDATE>2016-05-15</DUEONDATE>
     <INDAYS>15</INDAYS>
     <INTEXT>15 Days</INTEXT>
    </BILLCREDITPERIOD>
    <AMOUNT>
     <AMOUNT>185625</AMOUNT>
     <CURRENCY>₹</CURRENCY>
     <FOREXSYMBOL>- * -</FOREXSYMBOL>
     <ISDEBIT>true</ISDEBIT>
    </AMOUNT>
   </BILLALLOCATIONS.LIST>
  </LEDGERENTRIES.LIST>
  <LEDGERENTRIES.LIST>
   <INDEXNUMBER>2</INDEXNUMBER>
   <LEDGERNAME>Output VAT @ 12.5%</LEDGERNAME>
   <LEDGERTAXTYPE>On VAT Rate</LEDGERTAXTYPE>
   <VCHLEDGERTYPE>VAT</VCHLEDGERTYPE>
   <ISDEEMEDPOSITIVE>false</ISDEEMEDPOSITIVE>
   <ISPARTYLEDGER>false</ISPARTYLEDGER>
   <AMOUNT>
    <AMOUNT>20625</AMOUNT>
    <CURRENCY>₹</CURRENCY>
    <FOREXSYMBOL>- * -</FOREXSYMBOL>
    <ISDEBIT>false</ISDEBIT>
   </AMOUNT>
  </LEDGERENTRIES.LIST>
  <ALLINVENTORYENTRIES.LIST>
   <INDEXNUMBER>1</INDEXNUMBER>
   <STOCKITEMNAME>TVS MSP 245 132 Col Printer</STOCKITEMNAME>
   <ISSCRAP>false</ISSCRAP>
   <DISCOUNT>0</DISCOUNT>
   <ISDEEMEDPOSITIVE>false</ISDEEMEDPOSITIVE>
   <BASICUSERDESCRIPTION.LIST>
    <BASICUSERDESCRIPTION></BASICUSERDESCRIPTION>
   </BASICUSERDESCRIPTION.LIST>
   <RATE>
    <BASERATE>11000.00</BASERATE>
    <FOREXRATE>11000</FOREXRATE>
    <UNIT>Nos</UNIT>
   </RATE>
   <ACTUALQTY>
    <UNIT>Nos</UNIT>
    <QUANTITY>15</QUANTITY>
   </ACTUALQTY>
   <BILLEDQTY>
    <UNIT>Nos</UNIT>
    <QUANTITY>15</QUANTITY>
   </BILLEDQTY>
   <AMOUNT>
    <AMOUNT>165000</AMOUNT>
    <CURRENCY>₹</CURRENCY>
    <FOREXSYMBOL>- * -</FOREXSYMBOL>
    <ISDEBIT>false</ISDEBIT>
   </AMOUNT>
   <BATCHALLOCATIONS.LIST>
    <TRACKINGNUMBER>Not Applicable</TRACKINGNUMBER>
    <ORDERNO>Not Applicable</ORDERNO>
    <GODOWNNAME>Stores</GODOWNNAME>
    <BATCHNAME>Primary Batch</BATCHNAME>
    <AMOUNT>
     <AMOUNT>165000</AMOUNT>
     <CURRENCY>₹</CURRENCY>
     <FOREXSYMBOL>- * -</FOREXSYMBOL>
     <ISDEBIT>false</ISDEBIT>
    </AMOUNT>
    <ACTUALQTY>
     <UNIT>Nos</UNIT>
     <QUANTITY>15</QUANTITY>
    </ACTUALQTY>
    <BILLEDQTY>
     <UNIT>Nos</UNIT>
     <QUANTITY>15</QUANTITY>
    </BILLEDQTY>
   </BATCHALLOCATIONS.LIST>
   <ACCOUNTINGALLOCATIONS.LIST>
    <INDEXNUMBER>1</INDEXNUMBER>
    <LEDGERNAME>Sales @ 12.5%</LEDGERNAME>
    <VCHLEDGERTYPE>Others</VCHLEDGERTYPE>
    <ISDEEMEDPOSITIVE>false</ISDEEMEDPOSITIVE>
    <AMOUNT>
     <AMOUNT>165000</AMOUNT>
     <CURRENCY>₹</CURRENCY>
     <FOREXSYMBOL>- * -</FOREXSYMBOL>
     <ISDEBIT>false</ISDEBIT>
    </AMOUNT>
   </ACCOUNTINGALLOCATIONS.LIST>
  </ALLINVENTORYENTRIES.LIST>
 </VOUCHER>
 <VOUCHER>
  <GUID>52889497-5b6b-403d-8f83-224e3c7759b4-00000054</GUID>
  <REMOTEALTGUID>52889497-5b6b-403d-8f83-224e3c7759b4</REMOTEALTGUID>
  <MASTERID>84</MASTERID>
  <ALTERID>7336</ALTERID>
  <ENTEREDBY>A</ENTEREDBY>
  <DATE>2016-04-30</DATE>
  <EFFECTIVEDATE>2016-04-30</EFFECTIVEDATE>
  <VOUCHERTYPENAME>Sales</VOUCHERTYPENAME>
  <PERSISTEDVIEW>InvoiceVoucherView</PERSISTEDVIEW>
  <VCHGSTCLASS>Not Applicable</VCHGSTCLASS>
  <ISCOSTCENTRE>false</ISCOSTCENTRE>
  <ISINVOICE>true</ISINVOICE>
  <VOUCHERNUMBER>12</VOUCHERNUMBER>
  <ISOPTIONAL>false</ISOPTIONAL>
  <PARTYNAME>Modern Advertisers</PARTYNAME>
  <VOUCHERNUMBERSERIES>Default</VOUCHERNUMBERSERIES>
  <GSTREGISTRATION>Not Applicable</GSTREGISTRATION>
  <BASICBUYERNAME>Modern Advertisers</BASICBUYERNAME>
  <ISCANCELLED>false</ISCANCELLED>
  <OVRDNEWAYBILLAPPLICABILITY>false</OVRDNEWAYBILLAPPLICABILITY>
  <LEDGERENTRIES.LIST>
   <INDEXNUMBER>1</INDEXNUMBER>
   <LEDGERNAME>Modern Advertisers</LEDGERNAME>
   <VCHLEDGERTYPE>Others</VCHLEDGERTYPE>
   <ISDEEMEDPOSITIVE>true</ISDEEMEDPOSITIVE>
   <ISPARTYLEDGER>true</ISPARTYLEDGER>
   <AMOUNT>
    <AMOUNT>5612</AMOUNT>
    <CURRENCY>₹</CURRENCY>
    <FOREXSYMBOL>- * -</FOREXSYMBOL>
    <ISDEBIT>true</ISDEBIT>
   </AMOUNT>
   <BILLALLOCATIONS.LIST>
    <BILLTYPE>NewRef</BILLTYPE>
    <NAME>11</NAME>
    <AMOUNT>
     <AMOUNT>5612</AMOUNT>
     <CURRENCY>₹</CURRENCY>
     <FOREXSYMBOL>- * -</FOREXSYMBOL>
     <ISDEBIT>true</ISDEBIT>
    </AMOUNT>
   </BILLALLOCATIONS.LIST>
  </LEDGERENTRIES.LIST>
  <LEDGERENTRIES.LIST>
   <INDEXNUMBER>2</INDEXNUMBER>
   <LEDGERNAME>Sales - Advertising Services</LEDGERNAME>
   <VCHLEDGERTYPE>Others</VCHLEDGERTYPE>
   <ISDEEMEDPOSITIVE>false</ISDEEMEDPOSITIVE>
   <ISPARTYLEDGER>false</ISPARTYLEDGER>
   <AMOUNT>
    <AMOUNT>5000</AMOUNT>
    <CURRENCY>₹</CURRENCY>
    <FOREXSYMBOL>- * -</FOREXSYMBOL>
    <ISDEBIT>false</ISDEBIT>
   </AMOUNT>
   <BILLALLOCATIONS.LIST>
    <BILLTYPE>OnAccount</BILLTYPE>
    <AMOUNT>
     <AMOUNT>5000</AMOUNT>
     <CURRENCY>₹</CURRENCY>
     <FOREXSYMBOL>- * -</FOREXSYMBOL>
     <ISDEBIT>false</ISDEBIT>
    </AMOUNT>
   </BILLALLOCATIONS.LIST>
  </LEDGERENTRIES.LIST>
  <LEDGERENTRIES.LIST>
   <INDEXNUMBER>3</INDEXNUMBER>
   <LEDGERNAME>Output ST - Advt. Services</LEDGERNAME>
   <VCHLEDGERTYPE>Service Tax</VCHLEDGERTYPE>
   <ISDEEMEDPOSITIVE>false</ISDEEMEDPOSITIVE>
   <ISPARTYLEDGER>false</ISPARTYLEDGER>
   <AMOUNT>
    <AMOUNT>612</AMOUNT>
    <CURRENCY>₹</CURRENCY>
    <FOREXSYMBOL>- * -</FOREXSYMBOL>
    <ISDEBIT>false</ISDEBIT>
   </AMOUNT>
  </LEDGERENTRIES.LIST>
 </VOUCHER>
 <VOUCHER>
  <GUID>52889497-5b6b-403d-8f83-224e3c7759b4-0000005a</GUID>
  <REMOTEALTGUID>52889497-5b6b-403d-8f83-224e3c7759b4</REMOTEALTGUID>
  <MASTERID>90</MASTERID>
  <ALTERID>8438</ALTERID>
  <ENTEREDBY>A</ENTEREDBY>
  <DATE>2016-05-01</DATE>
  <EFFECTIVEDATE>2016-05-01</EFFECTIVEDATE>
  <VOUCHERTYPENAME>Sales</VOUCHERTYPENAME>
  <PERSISTEDVIEW>InvoiceVoucherView</PERSISTEDVIEW>
  <VCHGSTCLASS>Not Applicable</VCHGSTCLASS>
  <ISCOSTCENTRE>false</ISCOSTCENTRE>
  <VCHENTRYMODE>Item Invoice</VCHENTRYMODE>
  <ISINVOICE>true</ISINVOICE>
  <VOUCHERNUMBER>13</VOUCHERNUMBER>
  <ISOPTIONAL>false</ISOPTIONAL>
  <NARRATION>sales to Horizon systems</NARRATION>
  <BASICDUEDATEOFPYMT>30 Days</BASICDUEDATEOFPYMT>
  <PARTYNAME>Horizon Systems</PARTYNAME>
  <VOUCHERNUMBERSERIES>Default</VOUCHERNUMBERSERIES>
  <GSTREGISTRATION>Not Applicable</GSTREGISTRATION>
  <BASICBUYERNAME>Horizon Systems</BASICBUYERNAME>
  <ISCANCELLED>false</ISCANCELLED>
  <OVRDNEWAYBILLAPPLICABILITY>false</OVRDNEWAYBILLAPPLICABILITY>
  <LEDGERENTRIES.LIST>
   <INDEXNUMBER>1</INDEXNUMBER>
   <LEDGERNAME>Amar Computer Peripherals</LEDGERNAME>
   <VCHLEDGERTYPE>Others</VCHLEDGERTYPE>
   <ISDEEMEDPOSITIVE>true</ISDEEMEDPOSITIVE>
   <ISPARTYLEDGER>true</ISPARTYLEDGER>
   <AMOUNT>
    <AMOUNT>112736</AMOUNT>
    <CURRENCY>₹</CURRENCY>
    <FOREXSYMBOL>- * -</FOREXSYMBOL>
    <ISDEBIT>true</ISDEBIT>
   </AMOUNT>
   <BILLALLOCATIONS.LIST>
    <BILLTYPE>AgstRef</BILLTYPE>
    <NAME>8</NAME>
    <AMOUNT>
     <AMOUNT>112736</AMOUNT>
     <CURRENCY>₹</CURRENCY>
     <FOREXSYMBOL>- * -</FOREXSYMBOL>
     <ISDEBIT>true</ISDEBIT>
    </AMOUNT>
   </BILLALLOCATIONS.LIST>
  </LEDGERENTRIES.LIST>
  <LEDGERENTRIES.LIST>
   <INDEXNUMBER>2</INDEXNUMBER>
   <LEDGERNAME>Output VAT @ 4%</LEDGERNAME>
   <LEDGERTAXTYPE>On VAT Rate</LEDGERTAXTYPE>
   <VCHLEDGERTYPE>VAT</VCHLEDGERTYPE>
   <ISDEEMEDPOSITIVE>false</ISDEEMEDPOSITIVE>
   <ISPARTYLEDGER>false</ISPARTYLEDGER>
   <AMOUNT>
    <AMOUNT>4336</AMOUNT>
    <CURRENCY>₹</CURRENCY>
    <FOREXSYMBOL>- * -</FOREXSYMBOL>
    <ISDEBIT>false</ISDEBIT>
   </AMOUNT>
  </LEDGERENTRIES.LIST>
  <ALLINVENTORYENTRIES.LIST>
   <INDEXNUMBER>1</INDEXNUMBER>
   <STOCKITEMNAME>IBM PIV</STOCKITEMNAME>
   <ISSCRAP>false</ISSCRAP>
   <DISCOUNT>0</DISCOUNT>
   <ISDEEMEDPOSITIVE>false</ISDEEMEDPOSITIVE>
   <BASICUSERDESCRIPTION.LIST>
    <BASICUSERDESCRIPTION></BASICUSERDESCRIPTION>
   </BASICUSERDESCRIPTION.LIST>
   <RATE>
    <BASERATE>26000.00</BASERATE>
    <FOREXRATE>26000</FOREXRATE>
    <UNIT>Nos</UNIT>
   </RATE>
   <ACTUALQTY>
    <UNIT>Nos</UNIT>
    <QUANTITY>1</QUANTITY>
   </ACTUALQTY>
   <BILLEDQTY>
    <UNIT>Nos</UNIT>
    <QUANTITY>1</QUANTITY>
   </BILLEDQTY>
   <AMOUNT>
    <AMOUNT>26000</AMOUNT>
    <CURRENCY>₹</CURRENCY>
    <FOREXSYMBOL>- * -</FOREXSYMBOL>
    <ISDEBIT>false</ISDEBIT>
   </AMOUNT>
   <BATCHALLOCATIONS.LIST>
    <TRACKINGNUMBER>Not Applicable</TRACKINGNUMBER>
    <ORDERNO>Not Applicable</ORDERNO>
    <GODOWNNAME>Stores</GODOWNNAME>
    <BATCHNAME>Primary Batch</BATCHNAME>
    <AMOUNT>
     <AMOUNT>26000</AMOUNT>
     <CURRENCY>₹</CURRENCY>
     <FOREXSYMBOL>- * -</FOREXSYMBOL>
     <ISDEBIT>false</ISDEBIT>
    </AMOUNT>
    <ACTUALQTY>
     <UNIT>Nos</UNIT>
     <QUANTITY>1</QUANTITY>
    </ACTUALQTY>
    <BILLEDQTY>
     <UNIT>Nos</UNIT>
     <QUANTITY>1</QUANTITY>
    </BILLEDQTY>
   </BATCHALLOCATIONS.LIST>
   <ACCOUNTINGALLOCATIONS.LIST>
    <INDEXNUMBER>1</INDEXNUMBER>
    <LEDGERNAME>Advertisement Charges</LEDGERNAME>
    <VCHLEDGERTYPE>Others</VCHLEDGERTYPE>
    <ISDEEMEDPOSITIVE>false</ISDEEMEDPOSITIVE>
    <AMOUNT>
     <AMOUNT>26000</AMOUNT>
     <CURRENCY>₹</CURRENCY>
     <FOREXSYMBOL>- * -</FOREXSYMBOL>
     <ISDEBIT>false</ISDEBIT>
    </AMOUNT>
   </ACCOUNTINGALLOCATIONS.LIST>
  </ALLINVENTORYENTRIES.LIST>
  <ALLINVENTORYENTRIES.LIST>
   <INDEXNUMBER>2</INDEXNUMBER>
   <STOCKITEMNAME>Wireless Mouse</STOCKITEMNAME>
   <ISSCRAP>false</ISSCRAP>
   <DISCOUNT>0</DISCOUNT>
   <ISDEEMEDPOSITIVE>false</ISDEEMEDPOSITIVE>
   <BASICUSERDESCRIPTION.LIST>
    <BASICUSERDESCRIPTION>ABC</BASICUSERDESCRIPTION>
   </BASICUSERDESCRIPTION.LIST>
   <RATE>
    <BASERATE>700.00</BASERATE>
    <FOREXRATE>700</FOREXRATE>
    <UNIT>Nos</UNIT>
   </RATE>
   <ACTUALQTY>
    <UNIT>Nos</UNIT>
    <QUANTITY>52</QUANTITY>
   </ACTUALQTY>
   <BILLEDQTY>
    <UNIT>Nos</UNIT>
    <QUANTITY>52</QUANTITY>
   </BILLEDQTY>
   <AMOUNT>
    <AMOUNT>36400</AMOUNT>
    <CURRENCY>₹</CURRENCY>
    <FOREXSYMBOL>- * -</FOREXSYMBOL>
    <ISDEBIT>false</ISDEBIT>
   </AMOUNT>
   <BATCHALLOCATIONS.LIST>
    <TRACKINGNUMBER>Not Applicable</TRACKINGNUMBER>
    <ORDERNO>Not Applicable</ORDERNO>
    <GODOWNNAME>Stores</GODOWNNAME>
    <BATCHNAME>Primary Batch</BATCHNAME>
    <AMOUNT>
     <AMOUNT>36400</AMOUNT>
     <CURRENCY>₹</CURRENCY>
     <FOREXSYMBOL>- * -</FOREXSYMBOL>
     <ISDEBIT>false</ISDEBIT>
    </AMOUNT>
    <ACTUALQTY>
     <UNIT>Nos</UNIT>
     <QUANTITY>52</QUANTITY>
    </ACTUALQTY>
    <BILLEDQTY>
     <UNIT>Nos</UNIT>
     <QUANTITY>52</QUANTITY>
    </BILLEDQTY>
   </BATCHALLOCATIONS.LIST>
   <ACCOUNTINGALLOCATIONS.LIST>
    <INDEXNUMBER>2</INDEXNUMBER>
    <LEDGERNAME>Advertisement Charges</LEDGERNAME>
    <VCHLEDGERTYPE>Others</VCHLEDGERTYPE>
    <ISDEEMEDPOSITIVE>false</ISDEEMEDPOSITIVE>
    <AMOUNT>
     <AMOUNT>36400</AMOUNT>
     <CURRENCY>₹</CURRENCY>
     <FOREXSYMBOL>- * -</FOREXSYMBOL>
     <ISDEBIT>false</ISDEBIT>
    </AMOUNT>
   </ACCOUNTINGALLOCATIONS.LIST>
  </ALLINVENTORYENTRIES.LIST>
  <ALLINVENTORYENTRIES.LIST>
   <INDEXNUMBER>3</INDEXNUMBER>
   <STOCKITEMNAME>Mouse Pad</STOCKITEMNAME>
   <ISSCRAP>false</ISSCRAP>
   <DISCOUNT>0</DISCOUNT>
   <ISDEEMEDPOSITIVE>false</ISDEEMEDPOSITIVE>
   <BASICUSERDESCRIPTION.LIST>
    <BASICUSERDESCRIPTION>Radha</BASICUSERDESCRIPTION>
   </BASICUSERDESCRIPTION.LIST>
   <RATE>
    <BASERATE>20.00</BASERATE>
    <FOREXRATE>20</FOREXRATE>
    <UNIT>Nos</UNIT>
   </RATE>
   <ACTUALQTY>
    <UNIT>Nos</UNIT>
    <QUANTITY>200</QUANTITY>
   </ACTUALQTY>
   <BILLEDQTY>
    <UNIT>Nos</UNIT>
    <QUANTITY>200</QUANTITY>
   </BILLEDQTY>
   <AMOUNT>
    <AMOUNT>4000</AMOUNT>
    <CURRENCY>₹</CURRENCY>
    <FOREXSYMBOL>- * -</FOREXSYMBOL>
    <ISDEBIT>false</ISDEBIT>
   </AMOUNT>
   <BATCHALLOCATIONS.LIST>
    <TRACKINGNUMBER>Not Applicable</TRACKINGNUMBER>
    <ORDERNO>Not Applicable</ORDERNO>
    <GODOWNNAME>Stores</GODOWNNAME>
    <BATCHNAME>Primary Batch</BATCHNAME>
    <AMOUNT>
     <AMOUNT>4000</AMOUNT>
     <CURRENCY>₹</CURRENCY>
     <FOREXSYMBOL>- * -</FOREXSYMBOL>
     <ISDEBIT>false</ISDEBIT>
    </AMOUNT>
    <ACTUALQTY>
     <UNIT>Nos</UNIT>
     <QUANTITY>200</QUANTITY>
    </ACTUALQTY>
    <BILLEDQTY>
     <UNIT>Nos</UNIT>
     <QUANTITY>200</QUANTITY>
    </BILLEDQTY>
   </BATCHALLOCATIONS.LIST>
   <ACCOUNTINGALLOCATIONS.LIST>
    <INDEXNUMBER>3</INDEXNUMBER>
    <LEDGERNAME>Advertisement Charges</LEDGERNAME>
    <VCHLEDGERTYPE>Others</VCHLEDGERTYPE>
    <ISDEEMEDPOSITIVE>false</ISDEEMEDPOSITIVE>
    <AMOUNT>
     <AMOUNT>4000</AMOUNT>
     <CURRENCY>₹</CURRENCY>
     <FOREXSYMBOL>- * -</FOREXSYMBOL>
     <ISDEBIT>false</ISDEBIT>
    </AMOUNT>
   </ACCOUNTINGALLOCATIONS.LIST>
  </ALLINVENTORYENTRIES.LIST>
  <ALLINVENTORYENTRIES.LIST>
   <INDEXNUMBER>4</INDEXNUMBER>
   <STOCKITEMNAME>Wireless Keyboard</STOCKITEMNAME>
   <ISSCRAP>false</ISSCRAP>
   <DISCOUNT>0</DISCOUNT>
   <ISDEEMEDPOSITIVE>false</ISDEEMEDPOSITIVE>
   <BASICUSERDESCRIPTION.LIST>
    <BASICUSERDESCRIPTION>ABC</BASICUSERDESCRIPTION>
   </BASICUSERDESCRIPTION.LIST>
   <RATE>
    <BASERATE>800.00</BASERATE>
    <FOREXRATE>800</FOREXRATE>
    <UNIT>Nos</UNIT>
   </RATE>
   <ACTUALQTY>
    <UNIT>Nos</UNIT>
    <QUANTITY>40</QUANTITY>
   </ACTUALQTY>
   <BILLEDQTY>
    <UNIT>Nos</UNIT>
    <QUANTITY>40</QUANTITY>
   </BILLEDQTY>
   <AMOUNT>
    <AMOUNT>32000</AMOUNT>
    <CURRENCY>₹</CURRENCY>
    <FOREXSYMBOL>- * -</FOREXSYMBOL>
    <ISDEBIT>false</ISDEBIT>
   </AMOUNT>
   <BATCHALLOCATIONS.LIST>
    <TRACKINGNUMBER>Not Applicable</TRACKINGNUMBER>
    <ORDERNO>Not Applicable</ORDERNO>
    <GODOWNNAME>Stores</GODOWNNAME>
    <BATCHNAME>Primary Batch</BATCHNAME>
    <AMOUNT>
     <AMOUNT>32000</AMOUNT>
     <CURRENCY>₹</CURRENCY>
     <FOREXSYMBOL>- * -</FOREXSYMBOL>
     <ISDEBIT>false</ISDEBIT>
    </AMOUNT>
    <ACTUALQTY>
     <UNIT>Nos</UNIT>
     <QUANTITY>40</QUANTITY>
    </ACTUALQTY>
    <BILLEDQTY>
     <UNIT>Nos</UNIT>
     <QUANTITY>40</QUANTITY>
    </BILLEDQTY>
   </BATCHALLOCATIONS.LIST>
   <ACCOUNTINGALLOCATIONS.LIST>
    <INDEXNUMBER>4</INDEXNUMBER>
    <LEDGERNAME>Advertisement Charges</LEDGERNAME>
    <VCHLEDGERTYPE>Others</VCHLEDGERTYPE>
    <ISDEEMEDPOSITIVE>false</ISDEEMEDPOSITIVE>
    <AMOUNT>
     <AMOUNT>32000</AMOUNT>
     <CURRENCY>₹</CURRENCY>
     <FOREXSYMBOL>- * -</FOREXSYMBOL>
     <ISDEBIT>false</ISDEBIT>
    </AMOUNT>
   </ACCOUNTINGALLOCATIONS.LIST>
  </ALLINVENTORYENTRIES.LIST>
  <ALLINVENTORYENTRIES.LIST>
   <INDEXNUMBER>5</INDEXNUMBER>
   <STOCKITEMNAME>USB Pen Drives 64 MB</STOCKITEMNAME>
   <ISSCRAP>false</ISSCRAP>
   <DISCOUNT>0</DISCOUNT>
   <ISDEEMEDPOSITIVE>false</ISDEEMEDPOSITIVE>
   <BASICUSERDESCRIPTION.LIST>
    <BASICUSERDESCRIPTION>ABC</BASICUSERDESCRIPTION>
   </BASICUSERDESCRIPTION.LIST>
   <RATE>
    <BASERATE>2000.00</BASERATE>
    <FOREXRATE>2000</FOREXRATE>
    <UNIT>Nos</UNIT>
   </RATE>
   <ACTUALQTY>
    <UNIT>Nos</UNIT>
    <QUANTITY>5</QUANTITY>
   </ACTUALQTY>
   <BILLEDQTY>
    <UNIT>Nos</UNIT>
    <QUANTITY>5</QUANTITY>
   </BILLEDQTY>
   <AMOUNT>
    <AMOUNT>10000</AMOUNT>
    <CURRENCY>₹</CURRENCY>
    <FOREXSYMBOL>- * -</FOREXSYMBOL>
    <ISDEBIT>false</ISDEBIT>
   </AMOUNT>
   <BATCHALLOCATIONS.LIST>
    <TRACKINGNUMBER>Not Applicable</TRACKINGNUMBER>
    <ORDERNO>Not Applicable</ORDERNO>
    <GODOWNNAME>Stores</GODOWNNAME>
    <BATCHNAME>Primary Batch</BATCHNAME>
    <AMOUNT>
     <AMOUNT>10000</AMOUNT>
     <CURRENCY>₹</CURRENCY>
     <FOREXSYMBOL>- * -</FOREXSYMBOL>
     <ISDEBIT>false</ISDEBIT>
    </AMOUNT>
    <ACTUALQTY>
     <UNIT>Nos</UNIT>
     <QUANTITY>5</QUANTITY>
    </ACTUALQTY>
    <BILLEDQTY>
     <UNIT>Nos</UNIT>
     <QUANTITY>5</QUANTITY>
    </BILLEDQTY>
   </BATCHALLOCATIONS.LIST>
   <ACCOUNTINGALLOCATIONS.LIST>
    <INDEXNUMBER>5</INDEXNUMBER>
    <LEDGERNAME>Advertisement Charges</LEDGERNAME>
    <VCHLEDGERTYPE>Others</VCHLEDGERTYPE>
    <ISDEEMEDPOSITIVE>false</ISDEEMEDPOSITIVE>
    <AMOUNT>
     <AMOUNT>10000</AMOUNT>
     <CURRENCY>₹</CURRENCY>
     <FOREXSYMBOL>- * -</FOREXSYMBOL>
     <ISDEBIT>false</ISDEBIT>
    </AMOUNT>
   </ACCOUNTINGALLOCATIONS.LIST>
  </ALLINVENTORYENTRIES.LIST>
 </VOUCHER>
 <VOUCHER>
  <GUID>52889497-5b6b-403d-8f83-224e3c7759b4-000012a9</GUID>
  <REMOTEALTGUID>52889497-5b6b-403d-8f83-224e3c7759b4</REMOTEALTGUID>
  <MASTERID>4777</MASTERID>
  <ALTERID>8439</ALTERID>
  <ENTEREDBY>A</ENTEREDBY>
  <DATE>2016-05-01</DATE>
  <EFFECTIVEDATE>2016-05-01</EFFECTIVEDATE>
  <VOUCHERTYPENAME>Sales</VOUCHERTYPENAME>
  <PERSISTEDVIEW>InvoiceVoucherView</PERSISTEDVIEW>
  <VCHGSTCLASS>Not Applicable</VCHGSTCLASS>
  <ISCOSTCENTRE>false</ISCOSTCENTRE>
  <VCHENTRYMODE>Item Invoice</VCHENTRYMODE>
  <ISINVOICE>true</ISINVOICE>
  <VOUCHERNUMBER>14</VOUCHERNUMBER>
  <ISOPTIONAL>false</ISOPTIONAL>
  <PARTYNAME>Cash</PARTYNAME>
  <VOUCHERNUMBERSERIES>Default</VOUCHERNUMBERSERIES>
  <GSTREGISTRATION>Not Applicable</GSTREGISTRATION>
  <BASICBUYERNAME>Cash</BASICBUYERNAME>
  <ISCANCELLED>false</ISCANCELLED>
  <OVRDNEWAYBILLAPPLICABILITY>false</OVRDNEWAYBILLAPPLICABILITY>
  <LEDGERENTRIES.LIST>
   <INDEXNUMBER>1</INDEXNUMBER>
   <LEDGERNAME>Cash</LEDGERNAME>
   <VCHLEDGERTYPE>Others</VCHLEDGERTYPE>
   <ISDEEMEDPOSITIVE>true</ISDEEMEDPOSITIVE>
   <ISPARTYLEDGER>true</ISPARTYLEDGER>
   <AMOUNT>
    <AMOUNT>520000</AMOUNT>
    <CURRENCY>₹</CURRENCY>
    <FOREXSYMBOL>- * -</FOREXSYMBOL>
    <ISDEBIT>true</ISDEBIT>
   </AMOUNT>
  </LEDGERENTRIES.LIST>
  <LEDGERENTRIES.LIST>
   <INDEXNUMBER>2</INDEXNUMBER>
   <LEDGERNAME>Output VAT @ 4%</LEDGERNAME>
   <LEDGERTAXTYPE>On VAT Rate</LEDGERTAXTYPE>
   <VCHLEDGERTYPE>VAT</VCHLEDGERTYPE>
   <ISDEEMEDPOSITIVE>false</ISDEEMEDPOSITIVE>
   <ISPARTYLEDGER>false</ISPARTYLEDGER>
   <AMOUNT>
    <AMOUNT>20000</AMOUNT>
    <CURRENCY>₹</CURRENCY>
    <FOREXSYMBOL>- * -</FOREXSYMBOL>
    <ISDEBIT>false</ISDEBIT>
   </AMOUNT>
  </LEDGERENTRIES.LIST>
  <ALLINVENTORYENTRIES.LIST>
   <INDEXNUMBER>1</INDEXNUMBER>
   <STOCKITEMNAME>Mother Board</STOCKITEMNAME>
   <ISSCRAP>false</ISSCRAP>
   <DISCOUNT>0</DISCOUNT>
   <ISDEEMEDPOSITIVE>false</ISDEEMEDPOSITIVE>
   <BASICUSERDESCRIPTION.LIST>
    <BASICUSERDESCRIPTION></BASICUSERDESCRIPTION>
   </BASICUSERDESCRIPTION.LIST>
   <RATE>
    <BASERATE>10000.00</BASERATE>
    <FOREXRATE>10000</FOREXRATE>
    <UNIT>Nos</UNIT>
   </RATE>
   <ACTUALQTY>
    <UNIT>Nos</UNIT>
    <QUANTITY>50</QUANTITY>
   </ACTUALQTY>
   <BILLEDQTY>
    <UNIT>Nos</UNIT>
    <QUANTITY>50</QUANTITY>
   </BILLEDQTY>
   <AMOUNT>
    <AMOUNT>500000</AMOUNT>
    <CURRENCY>₹</CURRENCY>
    <FOREXSYMBOL>- * -</FOREXSYMBOL>
    <ISDEBIT>false</ISDEBIT>
   </AMOUNT>
   <BATCHALLOCATIONS.LIST>
    <TRACKINGNUMBER>Not Applicable</TRACKINGNUMBER>
    <ORDERNO>Not Applicable</ORDERNO>
    <GODOWNNAME>Assembly Floor</GODOWNNAME>
    <BATCHNAME>Primary Batch</BATCHNAME>
    <AMOUNT>
     <AMOUNT>500000</AMOUNT>
     <CURRENCY>₹</CURRENCY>
     <FOREXSYMBOL>- * -</FOREXSYMBOL>
     <ISDEBIT>false</ISDEBIT>
    </AMOUNT>
    <ACTUALQTY>
     <UNIT>Nos</UNIT>
     <QUANTITY>50</QUANTITY>
    </ACTUALQTY>
    <BILLEDQTY>
     <UNIT>Nos</UNIT>
     <QUANTITY>50</QUANTITY>
    </BILLEDQTY>
   </BATCHALLOCATIONS.LIST>
   <ACCOUNTINGALLOCATIONS.LIST>
    <INDEXNUMBER>1</INDEXNUMBER>
    <LEDGERNAME>Cash Sales</LEDGERNAME>
    <VCHLEDGERTYPE>Others</VCHLEDGERTYPE>
    <ISDEEMEDPOSITIVE>false</ISDEEMEDPOSITIVE>
    <AMOUNT>
     <AMOUNT>500000</AMOUNT>
     <CURRENCY>₹</CURRENCY>
     <FOREXSYMBOL>- * -</FOREXSYMBOL>
     <ISDEBIT>false</ISDEBIT>
    </AMOUNT>
   </ACCOUNTINGALLOCATIONS.LIST>
  </ALLINVENTORYENTRIES.LIST>
 </VOUCHER>
 <VOUCHER>
  <GUID>52889497-5b6b-403d-8f83-224e3c7759b4-000012aa</GUID>
  <REMOTEALTGUID>52889497-5b6b-403d-8f83-224e3c7759b4</REMOTEALTGUID>
  <MASTERID>4778</MASTERID>
  <ALTERID>7355</ALTERID>
  <ENTEREDBY>A</ENTEREDBY>
  <DATE>2016-05-01</DATE>
  <EFFECTIVEDATE>2016-05-01</EFFECTIVEDATE>
  <VOUCHERTYPENAME>Sales</VOUCHERTYPENAME>
  <PERSISTEDVIEW>InvoiceVoucherView</PERSISTEDVIEW>
  <VCHGSTCLASS>Not Applicable</VCHGSTCLASS>
  <ISCOSTCENTRE>false</ISCOSTCENTRE>
  <ISINVOICE>true</ISINVOICE>
  <VOUCHERNUMBER>15</VOUCHERNUMBER>
  <ISOPTIONAL>false</ISOPTIONAL>
  <PARTYNAME>Cash</PARTYNAME>
  <VOUCHERNUMBERSERIES>Default</VOUCHERNUMBERSERIES>
  <GSTREGISTRATION>Not Applicable</GSTREGISTRATION>
  <BASICBUYERNAME>Cash</BASICBUYERNAME>
  <ISCANCELLED>false</ISCANCELLED>
  <OVRDNEWAYBILLAPPLICABILITY>false</OVRDNEWAYBILLAPPLICABILITY>
  <LEDGERENTRIES.LIST>
   <INDEXNUMBER>1</INDEXNUMBER>
   <LEDGERNAME>Cash</LEDGERNAME>
   <VCHLEDGERTYPE>Others</VCHLEDGERTYPE>
   <ISDEEMEDPOSITIVE>true</ISDEEMEDPOSITIVE>
   <ISPARTYLEDGER>true</ISPARTYLEDGER>
   <AMOUNT>
    <AMOUNT>6240000</AMOUNT>
    <CURRENCY>₹</CURRENCY>
    <FOREXSYMBOL>- * -</FOREXSYMBOL>
    <ISDEBIT>true</ISDEBIT>
   </AMOUNT>
  </LEDGERENTRIES.LIST>
  <LEDGERENTRIES.LIST>
   <INDEXNUMBER>2</INDEXNUMBER>
   <LEDGERNAME>Sales @ 4%</LEDGERNAME>
   <VCHLEDGERTYPE>Others</VCHLEDGERTYPE>
   <ISDEEMEDPOSITIVE>false</ISDEEMEDPOSITIVE>
   <ISPARTYLEDGER>false</ISPARTYLEDGER>
   <AMOUNT>
    <AMOUNT>6000000</AMOUNT>
    <CURRENCY>₹</CURRENCY>
    <FOREXSYMBOL>- * -</FOREXSYMBOL>
    <ISDEBIT>false</ISDEBIT>
   </AMOUNT>
  </LEDGERENTRIES.LIST>
  <LEDGERENTRIES.LIST>
   <INDEXNUMBER>3</INDEXNUMBER>
   <LEDGERNAME>Output VAT @ 4%</LEDGERNAME>
   <LEDGERTAXTYPE>On VAT Rate</LEDGERTAXTYPE>
   <VCHLEDGERTYPE>VAT</VCHLEDGERTYPE>
   <ISDEEMEDPOSITIVE>false</ISDEEMEDPOSITIVE>
   <ISPARTYLEDGER>false</ISPARTYLEDGER>
   <AMOUNT>
    <AMOUNT>240000</AMOUNT>
    <CURRENCY>₹</CURRENCY>
    <FOREXSYMBOL>- * -</FOREXSYMBOL>
    <ISDEBIT>false</ISDEBIT>
   </AMOUNT>
  </LEDGERENTRIES.LIST>
  <ALLINVENTORYENTRIES.LIST>
   <INDEXNUMBER>1</INDEXNUMBER>
   <STOCKITEMNAME>IBM Celeron</STOCKITEMNAME>
   <ISSCRAP>false</ISSCRAP>
   <DISCOUNT>0</DISCOUNT>
   <ISDEEMEDPOSITIVE>false</ISDEEMEDPOSITIVE>
   <BASICUSERDESCRIPTION.LIST>
    <BASICUSERDESCRIPTION></BASICUSERDESCRIPTION>
   </BASICUSERDESCRIPTION.LIST>
   <ACTUALQTY>
    <UNIT>Nos</UNIT>
    <QUANTITY>100</QUANTITY>
   </ACTUALQTY>
   <BILLEDQTY>
    <UNIT>Nos</UNIT>
    <QUANTITY>100</QUANTITY>
   </BILLEDQTY>
   <AMOUNT>
    <AMOUNT>0</AMOUNT>
    <CURRENCY>₹</CURRENCY>
    <FOREXSYMBOL></FOREXSYMBOL>
    <ISDEBIT>false</ISDEBIT>
   </AMOUNT>
   <BATCHALLOCATIONS.LIST>
    <TRACKINGNUMBER>Not Applicable</TRACKINGNUMBER>
    <ORDERNO>Not Applicable</ORDERNO>
    <GODOWNNAME>Assembly Floor</GODOWNNAME>
    <BATCHNAME>Primary Batch</BATCHNAME>
    <AMOUNT>
     <AMOUNT>0</AMOUNT>
     <CURRENCY>₹</CURRENCY>
     <FOREXSYMBOL></FOREXSYMBOL>
     <ISDEBIT>false</ISDEBIT>
    </AMOUNT>
    <ACTUALQTY>
     <UNIT>Nos</UNIT>
     <QUANTITY>100</QUANTITY>
    </ACTUALQTY>
    <BILLEDQTY>
     <UNIT>Nos</UNIT>
     <QUANTITY>100</QUANTITY>
    </BILLEDQTY>
   </BATCHALLOCATIONS.LIST>
   <ACCOUNTINGALLOCATIONS.LIST>
    <INDEXNUMBER>1</INDEXNUMBER>
    <LEDGERNAME>Cash Sales</LEDGERNAME>
    <VCHLEDGERTYPE>Others</VCHLEDGERTYPE>
    <ISDEEMEDPOSITIVE>false</ISDEEMEDPOSITIVE>
    <AMOUNT>
     <AMOUNT>0</AMOUNT>
     <CURRENCY>₹</CURRENCY>
     <FOREXSYMBOL></FOREXSYMBOL>
     <ISDEBIT>false</ISDEBIT>
    </AMOUNT>
   </ACCOUNTINGALLOCATIONS.LIST>
  </ALLINVENTORYENTRIES.LIST>
 </VOUCHER>
 <VOUCHER>
  <GUID>52889497-5b6b-403d-8f83-224e3c7759b4-00000064</GUID>
  <REMOTEALTGUID>52889497-5b6b-403d-8f83-224e3c7759b4</REMOTEALTGUID>
  <MASTERID>100</MASTERID>
  <ALTERID>7367</ALTERID>
  <ENTEREDBY>A</ENTEREDBY>
  <DATE>2016-05-03</DATE>
  <EFFECTIVEDATE>2016-05-03</EFFECTIVEDATE>
  <VOUCHERTYPENAME>Sales</VOUCHERTYPENAME>
  <PERSISTEDVIEW>InvoiceVoucherView</PERSISTEDVIEW>
  <VCHGSTCLASS>Not Applicable</VCHGSTCLASS>
  <ISCOSTCENTRE>false</ISCOSTCENTRE>
  <ISINVOICE>true</ISINVOICE>
  <VOUCHERNUMBER>16</VOUCHERNUMBER>
  <ISOPTIONAL>false</ISOPTIONAL>
  <NARRATION>Being Dot Matrix Printers sold.</NARRATION>
  <BASICDUEDATEOFPYMT>30 Days</BASICDUEDATEOFPYMT>
  <PARTYNAME>Office Automation Systems</PARTYNAME>
  <VOUCHERNUMBERSERIES>Default</VOUCHERNUMBERSERIES>
  <GSTREGISTRATION>Not Applicable</GSTREGISTRATION>
  <BASICBUYERNAME>Office Automation Systems</BASICBUYERNAME>
  <ISCANCELLED>false</ISCANCELLED>
  <OVRDNEWAYBILLAPPLICABILITY>false</OVRDNEWAYBILLAPPLICABILITY>
  <LEDGERENTRIES.LIST>
   <INDEXNUMBER>1</INDEXNUMBER>
   <LEDGERNAME>Office Automation Systems</LEDGERNAME>
   <VCHLEDGERTYPE>Others</VCHLEDGERTYPE>
   <ISDEEMEDPOSITIVE>true</ISDEEMEDPOSITIVE>
   <ISPARTYLEDGER>true</ISPARTYLEDGER>
   <AMOUNT>
    <AMOUNT>124875</AMOUNT>
    <CURRENCY>₹</CURRENCY>
    <FOREXSYMBOL>- * -</FOREXSYMBOL>
    <ISDEBIT>true</ISDEBIT>
   </AMOUNT>
   <BILLALLOCATIONS.LIST>
    <BILLTYPE>NewRef</BILLTYPE>
    <NAME>11</NAME>
    <BILLCREDITPERIOD>
     <DUEONDATE>2016-06-02</DUEONDATE>
     <INDAYS>30</INDAYS>
     <INTEXT>30 Days</INTEXT>
    </BILLCREDITPERIOD>
    <AMOUNT>
     <AMOUNT>124875</AMOUNT>
     <CURRENCY>₹</CURRENCY>
     <FOREXSYMBOL>- * -</FOREXSYMBOL>
     <ISDEBIT>true</ISDEBIT>
    </AMOUNT>
   </BILLALLOCATIONS.LIST>
  </LEDGERENTRIES.LIST>
  <LEDGERENTRIES.LIST>
   <INDEXNUMBER>2</INDEXNUMBER>
   <LEDGERNAME>Output VAT @ 12.5%</LEDGERNAME>
   <LEDGERTAXTYPE>On VAT Rate</LEDGERTAXTYPE>
   <VCHLEDGERTYPE>VAT</VCHLEDGERTYPE>
   <ISDEEMEDPOSITIVE>false</ISDEEMEDPOSITIVE>
   <ISPARTYLEDGER>false</ISPARTYLEDGER>
   <AMOUNT>
    <AMOUNT>13875</AMOUNT>
    <CURRENCY>₹</CURRENCY>
    <FOREXSYMBOL>- * -</FOREXSYMBOL>
    <ISDEBIT>false</ISDEBIT>
   </AMOUNT>
  </LEDGERENTRIES.LIST>
  <ALLINVENTORYENTRIES.LIST>
   <INDEXNUMBER>1</INDEXNUMBER>
   <STOCKITEMNAME>TVS MSP 245 80 Col Printer</STOCKITEMNAME>
   <ISSCRAP>false</ISSCRAP>
   <DISCOUNT>0</DISCOUNT>
   <ISDEEMEDPOSITIVE>false</ISDEEMEDPOSITIVE>
   <BASICUSERDESCRIPTION.LIST>
    <BASICUSERDESCRIPTION></BASICUSERDESCRIPTION>
   </BASICUSERDESCRIPTION.LIST>
   <RATE>
    <BASERATE>7400.00</BASERATE>
    <FOREXRATE>7400</FOREXRATE>
    <UNIT>Nos</UNIT>
   </RATE>
   <ACTUALQTY>
    <UNIT>Nos</UNIT>
    <QUANTITY>15</QUANTITY>
   </ACTUALQTY>
   <BILLEDQTY>
    <UNIT>Nos</UNIT>
    <QUANTITY>15</QUANTITY>
   </BILLEDQTY>
   <AMOUNT>
    <AMOUNT>111000</AMOUNT>
    <CURRENCY>₹</CURRENCY>
    <FOREXSYMBOL>- * -</FOREXSYMBOL>
    <ISDEBIT>false</ISDEBIT>
   </AMOUNT>
   <BATCHALLOCATIONS.LIST>
    <TRACKINGNUMBER>Not Applicable</TRACKINGNUMBER>
    <ORDERNO>Not Applicable</ORDERNO>
    <GODOWNNAME>Stores</GODOWNNAME>
    <BATCHNAME>Primary Batch</BATCHNAME>
    <AMOUNT>
     <AMOUNT>111000</AMOUNT>
     <CURRENCY>₹</CURRENCY>
     <FOREXSYMBOL>- * -</FOREXSYMBOL>
     <ISDEBIT>false</ISDEBIT>
    </AMOUNT>
    <ACTUALQTY>
     <UNIT>Nos</UNIT>
     <QUANTITY>15</QUANTITY>
    </ACTUALQTY>
    <BILLEDQTY>
     <UNIT>Nos</UNIT>
     <QUANTITY>15</QUANTITY>
    </BILLEDQTY>
   </BATCHALLOCATIONS.LIST>
   <ACCOUNTINGALLOCATIONS.LIST>
    <INDEXNUMBER>1</INDEXNUMBER>
    <LEDGERNAME>Sales @ 12.5%</LEDGERNAME>
    <VCHLEDGERTYPE>Others</VCHLEDGERTYPE>
    <ISDEEMEDPOSITIVE>false</ISDEEMEDPOSITIVE>
    <AMOUNT>
     <AMOUNT>111000</AMOUNT>
     <CURRENCY>₹</CURRENCY>
     <FOREXSYMBOL>- * -</FOREXSYMBOL>
     <ISDEBIT>false</ISDEBIT>
    </AMOUNT>
   </ACCOUNTINGALLOCATIONS.LIST>
  </ALLINVENTORYENTRIES.LIST>
 </VOUCHER>
 <VOUCHER>
  <GUID>52889497-5b6b-403d-8f83-224e3c7759b4-0000006e</GUID>
  <REMOTEALTGUID>52889497-5b6b-403d-8f83-224e3c7759b4</REMOTEALTGUID>
  <MASTERID>110</MASTERID>
  <ALTERID>7379</ALTERID>
  <ENTEREDBY>A</ENTEREDBY>
  <DATE>2016-05-05</DATE>
  <EFFECTIVEDATE>2016-05-05</EFFECTIVEDATE>
  <VOUCHERTYPENAME>Sales</VOUCHERTYPENAME>
  <PERSISTEDVIEW>InvoiceVoucherView</PERSISTEDVIEW>
  <VCHGSTCLASS>Not Applicable</VCHGSTCLASS>
  <ISCOSTCENTRE>false</ISCOSTCENTRE>
  <ISINVOICE>true</ISINVOICE>
  <VOUCHERNUMBER>17</VOUCHERNUMBER>
  <ISOPTIONAL>false</ISOPTIONAL>
  <NARRATION>4 nos IBM Celeron sold to Computer Junction</NARRATION>
  <BASICDUEDATEOFPYMT>30 Days</BASICDUEDATEOFPYMT>
  <PARTYNAME>Computer Junction</PARTYNAME>
  <VOUCHERNUMBERSERIES>Default</VOUCHERNUMBERSERIES>
  <GSTREGISTRATION>Not Applicable</GSTREGISTRATION>
  <BASICBUYERNAME>Computer Junction</BASICBUYERNAME>
  <ISCANCELLED>false</ISCANCELLED>
  <OVRDNEWAYBILLAPPLICABILITY>false</OVRDNEWAYBILLAPPLICABILITY>
  <LEDGERENTRIES.LIST>
   <INDEXNUMBER>1</INDEXNUMBER>
   <LEDGERNAME>Computer Junction</LEDGERNAME>
   <VCHLEDGERTYPE>Others</VCHLEDGERTYPE>
   <ISDEEMEDPOSITIVE>true</ISDEEMEDPOSITIVE>
   <ISPARTYLEDGER>true</ISPARTYLEDGER>
   <AMOUNT>
    <AMOUNT>159500</AMOUNT>
    <CURRENCY>₹</CURRENCY>
    <FOREXSYMBOL>- * -</FOREXSYMBOL>
    <ISDEBIT>true</ISDEBIT>
   </AMOUNT>
   <BILLALLOCATIONS.LIST>
    <BILLTYPE>NewRef</BILLTYPE>
    <NAME>9</NAME>
    <BILLCREDITPERIOD>
     <DUEONDATE>2016-06-04</DUEONDATE>
     <INDAYS>30</INDAYS>
     <INTEXT>30 Days</INTEXT>
    </BILLCREDITPERIOD>
    <AMOUNT>
     <AMOUNT>159500</AMOUNT>
     <CURRENCY>₹</CURRENCY>
     <FOREXSYMBOL>- * -</FOREXSYMBOL>
     <ISDEBIT>true</ISDEBIT>
    </AMOUNT>
   </BILLALLOCATIONS.LIST>
  </LEDGERENTRIES.LIST>
  <LEDGERENTRIES.LIST>
   <INDEXNUMBER>2</INDEXNUMBER>
   <LEDGERNAME>Transportation &amp; Packaging</LEDGERNAME>
   <VCHLEDGERTYPE>Others</VCHLEDGERTYPE>
   <ISDEEMEDPOSITIVE>false</ISDEEMEDPOSITIVE>
   <ISPARTYLEDGER>false</ISPARTYLEDGER>
   <AMOUNT>
    <AMOUNT>3500</AMOUNT>
    <CURRENCY>₹</CURRENCY>
    <FOREXSYMBOL>- * -</FOREXSYMBOL>
    <ISDEBIT>false</ISDEBIT>
   </AMOUNT>
  </LEDGERENTRIES.LIST>
  <LEDGERENTRIES.LIST>
   <INDEXNUMBER>3</INDEXNUMBER>
   <LEDGERNAME>CST Tax @ 4%</LEDGERNAME>
   <LEDGERTAXTYPE>Sales Tax</LEDGERTAXTYPE>
   <VCHLEDGERTYPE>Others</VCHLEDGERTYPE>
   <ISDEEMEDPOSITIVE>false</ISDEEMEDPOSITIVE>
   <ISPARTYLEDGER>false</ISPARTYLEDGER>
   <AMOUNT>
    <AMOUNT>6000</AMOUNT>
    <CURRENCY>₹</CURRENCY>
    <FOREXSYMBOL>- * -</FOREXSYMBOL>
    <ISDEBIT>false</ISDEBIT>
   </AMOUNT>
  </LEDGERENTRIES.LIST>
  <ALLINVENTORYENTRIES.LIST>
   <INDEXNUMBER>1</INDEXNUMBER>
   <STOCKITEMNAME>IBM Celeron</STOCKITEMNAME>
   <ISSCRAP>false</ISSCRAP>
   <DISCOUNT>0</DISCOUNT>
   <ISDEEMEDPOSITIVE>false</ISDEEMEDPOSITIVE>
   <BASICUSERDESCRIPTION.LIST>
    <BASICUSERDESCRIPTION></BASICUSERDESCRIPTION>
   </BASICUSERDESCRIPTION.LIST>
   <RATE>
    <BASERATE>25000.00</BASERATE>
    <FOREXRATE>25000</FOREXRATE>
    <UNIT>Nos</UNIT>
   </RATE>
   <ACTUALQTY>
    <UNIT>Nos</UNIT>
    <QUANTITY>6</QUANTITY>
   </ACTUALQTY>
   <BILLEDQTY>
    <UNIT>Nos</UNIT>
    <QUANTITY>6</QUANTITY>
   </BILLEDQTY>
   <AMOUNT>
    <AMOUNT>150000</AMOUNT>
    <CURRENCY>₹</CURRENCY>
    <FOREXSYMBOL>- * -</FOREXSYMBOL>
    <ISDEBIT>false</ISDEBIT>
   </AMOUNT>
   <BATCHALLOCATIONS.LIST>
    <TRACKINGNUMBER>Not Applicable</TRACKINGNUMBER>
    <ORDERNO>Not Applicable</ORDERNO>
    <GODOWNNAME>Stores</GODOWNNAME>
    <BATCHNAME>Primary Batch</BATCHNAME>
    <AMOUNT>
     <AMOUNT>150000</AMOUNT>
     <CURRENCY>₹</CURRENCY>
     <FOREXSYMBOL>- * -</FOREXSYMBOL>
     <ISDEBIT>false</ISDEBIT>
    </AMOUNT>
    <ACTUALQTY>
     <UNIT>Nos</UNIT>
     <QUANTITY>6</QUANTITY>
    </ACTUALQTY>
    <BILLEDQTY>
     <UNIT>Nos</UNIT>
     <QUANTITY>6</QUANTITY>
    </BILLEDQTY>
   </BATCHALLOCATIONS.LIST>
   <ACCOUNTINGALLOCATIONS.LIST>
    <INDEXNUMBER>1</INDEXNUMBER>
    <LEDGERNAME>Interstate Sales @ 4%</LEDGERNAME>
    <LEDGERTAXTYPE>Sales Tax</LEDGERTAXTYPE>
    <VCHLEDGERTYPE>Others</VCHLEDGERTYPE>
    <ISDEEMEDPOSITIVE>false</ISDEEMEDPOSITIVE>
    <AMOUNT>
     <AMOUNT>150000</AMOUNT>
     <CURRENCY>₹</CURRENCY>
     <FOREXSYMBOL>- * -</FOREXSYMBOL>
     <ISDEBIT>false</ISDEBIT>
    </AMOUNT>
   </ACCOUNTINGALLOCATIONS.LIST>
  </ALLINVENTORYENTRIES.LIST>
 </VOUCHER>
 <VOUCHER>
  <GUID>52889497-5b6b-403d-8f83-224e3c7759b4-000012b6</GUID>
  <REMOTEALTGUID>52889497-5b6b-403d-8f83-224e3c7759b4</REMOTEALTGUID>
  <MASTERID>4790</MASTERID>
  <ALTERID>7396</ALTERID>
  <ENTEREDBY>A</ENTEREDBY>
  <DATE>2016-05-10</DATE>
  <EFFECTIVEDATE>2016-05-10</EFFECTIVEDATE>
  <VOUCHERTYPENAME>Sales</VOUCHERTYPENAME>
  <PERSISTEDVIEW>InvoiceVoucherView</PERSISTEDVIEW>
  <VCHGSTCLASS>Not Applicable</VCHGSTCLASS>
  <ISCOSTCENTRE>false</ISCOSTCENTRE>
  <ISINVOICE>true</ISINVOICE>
  <VOUCHERNUMBER>18</VOUCHERNUMBER>
  <ISOPTIONAL>false</ISOPTIONAL>
  <PARTYNAME>Cash</PARTYNAME>
  <VOUCHERNUMBERSERIES>Default</VOUCHERNUMBERSERIES>
  <GSTREGISTRATION>Not Applicable</GSTREGISTRATION>
  <BASICBUYERNAME>Cash</BASICBUYERNAME>
  <ISCANCELLED>false</ISCANCELLED>
  <OVRDNEWAYBILLAPPLICABILITY>false</OVRDNEWAYBILLAPPLICABILITY>
  <LEDGERENTRIES.LIST>
   <INDEXNUMBER>1</INDEXNUMBER>
   <LEDGERNAME>Cash</LEDGERNAME>
   <VCHLEDGERTYPE>Others</VCHLEDGERTYPE>
   <ISDEEMEDPOSITIVE>true</ISDEEMEDPOSITIVE>
   <ISPARTYLEDGER>true</ISPARTYLEDGER>
   <AMOUNT>
    <AMOUNT>520000</AMOUNT>
    <CURRENCY>₹</CURRENCY>
    <FOREXSYMBOL>- * -</FOREXSYMBOL>
    <ISDEBIT>true</ISDEBIT>
   </AMOUNT>
  </LEDGERENTRIES.LIST>
  <LEDGERENTRIES.LIST>
   <INDEXNUMBER>2</INDEXNUMBER>
   <LEDGERNAME>Output VAT @ 4%</LEDGERNAME>
   <LEDGERTAXTYPE>On VAT Rate</LEDGERTAXTYPE>
   <VCHLEDGERTYPE>VAT</VCHLEDGERTYPE>
   <ISDEEMEDPOSITIVE>false</ISDEEMEDPOSITIVE>
   <ISPARTYLEDGER>false</ISPARTYLEDGER>
   <AMOUNT>
    <AMOUNT>20000</AMOUNT>
    <CURRENCY>₹</CURRENCY>
    <FOREXSYMBOL>- * -</FOREXSYMBOL>
    <ISDEBIT>false</ISDEBIT>
   </AMOUNT>
  </LEDGERENTRIES.LIST>
  <ALLINVENTORYENTRIES.LIST>
   <INDEXNUMBER>1</INDEXNUMBER>
   <STOCKITEMNAME>Pentium - IV Processor</STOCKITEMNAME>
   <ISSCRAP>false</ISSCRAP>
   <DISCOUNT>0</DISCOUNT>
   <ISDEEMEDPOSITIVE>false</ISDEEMEDPOSITIVE>
   <BASICUSERDESCRIPTION.LIST>
    <BASICUSERDESCRIPTION></BASICUSERDESCRIPTION>
   </BASICUSERDESCRIPTION.LIST>
   <RATE>
    <BASERATE>10000.00</BASERATE>
    <FOREXRATE>10000</FOREXRATE>
    <UNIT>Nos</UNIT>
   </RATE>
   <ACTUALQTY>
    <UNIT>Nos</UNIT>
    <QUANTITY>50</QUANTITY>
   </ACTUALQTY>
   <BILLEDQTY>
    <UNIT>Nos</UNIT>
    <QUANTITY>50</QUANTITY>
   </BILLEDQTY>
   <AMOUNT>
    <AMOUNT>500000</AMOUNT>
    <CURRENCY>₹</CURRENCY>
    <FOREXSYMBOL>- * -</FOREXSYMBOL>
    <ISDEBIT>false</ISDEBIT>
   </AMOUNT>
   <BATCHALLOCATIONS.LIST>
    <TRACKINGNUMBER>Not Applicable</TRACKINGNUMBER>
    <ORDERNO>Not Applicable</ORDERNO>
    <GODOWNNAME>Assembly Floor</GODOWNNAME>
    <BATCHNAME>Primary Batch</BATCHNAME>
    <AMOUNT>
     <AMOUNT>500000</AMOUNT>
     <CURRENCY>₹</CURRENCY>
     <FOREXSYMBOL>- * -</FOREXSYMBOL>
     <ISDEBIT>false</ISDEBIT>
    </AMOUNT>
    <ACTUALQTY>
     <UNIT>Nos</UNIT>
     <QUANTITY>50</QUANTITY>
    </ACTUALQTY>
    <BILLEDQTY>
     <UNIT>Nos</UNIT>
     <QUANTITY>50</QUANTITY>
    </BILLEDQTY>
   </BATCHALLOCATIONS.LIST>
   <ACCOUNTINGALLOCATIONS.LIST>
    <INDEXNUMBER>1</INDEXNUMBER>
    <LEDGERNAME>Cash Sales</LEDGERNAME>
    <VCHLEDGERTYPE>Others</VCHLEDGERTYPE>
    <ISDEEMEDPOSITIVE>false</ISDEEMEDPOSITIVE>
    <AMOUNT>
     <AMOUNT>500000</AMOUNT>
     <CURRENCY>₹</CURRENCY>
     <FOREXSYMBOL>- * -</FOREXSYMBOL>
     <ISDEBIT>false</ISDEBIT>
    </AMOUNT>
   </ACCOUNTINGALLOCATIONS.LIST>
  </ALLINVENTORYENTRIES.LIST>
 </VOUCHER>
 <VOUCHER>
  <GUID>52889497-5b6b-403d-8f83-224e3c7759b4-00000082</GUID>
  <REMOTEALTGUID>52889497-5b6b-403d-8f83-224e3c7759b4</REMOTEALTGUID>
  <MASTERID>130</MASTERID>
  <ALTERID>7404</ALTERID>
  <ENTEREDBY>A</ENTEREDBY>
  <DATE>2016-05-15</DATE>
  <EFFECTIVEDATE>2016-05-15</EFFECTIVEDATE>
  <VOUCHERTYPENAME>Sales</VOUCHERTYPENAME>
  <PERSISTEDVIEW>InvoiceVoucherView</PERSISTEDVIEW>
  <VCHGSTCLASS>Not Applicable</VCHGSTCLASS>
  <ISCOSTCENTRE>false</ISCOSTCENTRE>
  <ISINVOICE>true</ISINVOICE>
  <VOUCHERNUMBER>19</VOUCHERNUMBER>
  <ISOPTIONAL>false</ISOPTIONAL>
  <PARTYNAME>Nirmaan Timbers</PARTYNAME>
  <VOUCHERNUMBERSERIES>Default</VOUCHERNUMBERSERIES>
  <GSTREGISTRATION>Not Applicable</GSTREGISTRATION>
  <BASICBUYERNAME>Nirmaan Timbers</BASICBUYERNAME>
  <ISCANCELLED>false</ISCANCELLED>
  <OVRDNEWAYBILLAPPLICABILITY>false</OVRDNEWAYBILLAPPLICABILITY>
  <LEDGERENTRIES.LIST>
   <INDEXNUMBER>1</INDEXNUMBER>
   <LEDGERNAME>Nirmaan Timbers</LEDGERNAME>
   <VCHLEDGERTYPE>Others</VCHLEDGERTYPE>
   <ISDEEMEDPOSITIVE>true</ISDEEMEDPOSITIVE>
   <ISPARTYLEDGER>true</ISPARTYLEDGER>
   <AMOUNT>
    <AMOUNT>598510.13</AMOUNT>
    <CURRENCY>₹</CURRENCY>
    <FOREXSYMBOL>- * -</FOREXSYMBOL>
    <ISDEBIT>true</ISDEBIT>
   </AMOUNT>
   <BILLALLOCATIONS.LIST>
    <BILLTYPE>NewRef</BILLTYPE>
    <NAME>6</NAME>
    <AMOUNT>
     <AMOUNT>598510.13</AMOUNT>
     <CURRENCY>₹</CURRENCY>
     <FOREXSYMBOL>- * -</FOREXSYMBOL>
     <ISDEBIT>true</ISDEBIT>
    </AMOUNT>
   </BILLALLOCATIONS.LIST>
  </LEDGERENTRIES.LIST>
  <LEDGERENTRIES.LIST>
   <INDEXNUMBER>2</INDEXNUMBER>
   <LEDGERNAME>TCS @ 2.5%</LEDGERNAME>
   <VCHLEDGERTYPE>TCS</VCHLEDGERTYPE>
   <ISDEEMEDPOSITIVE>false</ISDEEMEDPOSITIVE>
   <ISPARTYLEDGER>false</ISPARTYLEDGER>
   <AMOUNT>
    <AMOUNT>16009</AMOUNT>
    <CURRENCY>₹</CURRENCY>
    <FOREXSYMBOL>- * -</FOREXSYMBOL>
    <ISDEBIT>false</ISDEBIT>
   </AMOUNT>
  </LEDGERENTRIES.LIST>
  <LEDGERENTRIES.LIST>
   <INDEXNUMBER>3</INDEXNUMBER>
   <LEDGERNAME>Output VAT @ 12.5%</LEDGERNAME>
   <LEDGERTAXTYPE>On VAT Rate</LEDGERTAXTYPE>
   <VCHLEDGERTYPE>VAT</VCHLEDGERTYPE>
   <ISDEEMEDPOSITIVE>false</ISDEEMEDPOSITIVE>
   <ISPARTYLEDGER>false</ISPARTYLEDGER>
   <AMOUNT>
    <AMOUNT>66501.13</AMOUNT>
    <CURRENCY>₹</CURRENCY>
    <FOREXSYMBOL>- * -</FOREXSYMBOL>
    <ISDEBIT>false</ISDEBIT>
   </AMOUNT>
  </LEDGERENTRIES.LIST>
  <ALLINVENTORYENTRIES.LIST>
   <INDEXNUMBER>1</INDEXNUMBER>
   <STOCKITEMNAME>Timber</STOCKITEMNAME>
   <ISSCRAP>false</ISSCRAP>
   <DISCOUNT>0</DISCOUNT>
   <ISDEEMEDPOSITIVE>false</ISDEEMEDPOSITIVE>
   <BASICUSERDESCRIPTION.LIST>
    <BASICUSERDESCRIPTION></BASICUSERDESCRIPTION>
   </BASICUSERDESCRIPTION.LIST>
   <RATE>
    <BASERATE>8600.00</BASERATE>
    <FOREXRATE>8600</FOREXRATE>
    <UNIT>MT</UNIT>
   </RATE>
   <ACTUALQTY>
    <UNIT>MT</UNIT>
    <QUANTITY>60</QUANTITY>
   </ACTUALQTY>
   <BILLEDQTY>
    <UNIT>MT</UNIT>
    <QUANTITY>60</QUANTITY>
   </BILLEDQTY>
   <AMOUNT>
    <AMOUNT>516000</AMOUNT>
    <CURRENCY>₹</CURRENCY>
    <FOREXSYMBOL>- * -</FOREXSYMBOL>
    <ISDEBIT>false</ISDEBIT>
   </AMOUNT>
   <BATCHALLOCATIONS.LIST>
    <TRACKINGNUMBER>Not Applicable</TRACKINGNUMBER>
    <ORDERNO>Not Applicable</ORDERNO>
    <GODOWNNAME>Main Location</GODOWNNAME>
    <BATCHNAME>Primary Batch</BATCHNAME>
    <AMOUNT>
     <AMOUNT>516000</AMOUNT>
     <CURRENCY>₹</CURRENCY>
     <FOREXSYMBOL>- * -</FOREXSYMBOL>
     <ISDEBIT>false</ISDEBIT>
    </AMOUNT>
    <ACTUALQTY>
     <UNIT>MT</UNIT>
     <QUANTITY>60</QUANTITY>
    </ACTUALQTY>
    <BILLEDQTY>
     <UNIT>MT</UNIT>
     <QUANTITY>60</QUANTITY>
    </BILLEDQTY>
   </BATCHALLOCATIONS.LIST>
   <ACCOUNTINGALLOCATIONS.LIST>
    <INDEXNUMBER>1</INDEXNUMBER>
    <LEDGERNAME>Sales @ 12.5%</LEDGERNAME>
    <VCHLEDGERTYPE>Others</VCHLEDGERTYPE>
    <ISDEEMEDPOSITIVE>false</ISDEEMEDPOSITIVE>
    <AMOUNT>
     <AMOUNT>516000</AMOUNT>
     <CURRENCY>₹</CURRENCY>
     <FOREXSYMBOL>- * -</FOREXSYMBOL>
     <ISDEBIT>false</ISDEBIT>
    </AMOUNT>
   </ACCOUNTINGALLOCATIONS.LIST>
  </ALLINVENTORYENTRIES.LIST>
 </VOUCHER>
 <VOUCHER>
  <GUID>52889497-5b6b-403d-8f83-224e3c7759b4-00000092</GUID>
  <REMOTEALTGUID>52889497-5b6b-403d-8f83-224e3c7759b4</REMOTEALTGUID>
  <MASTERID>146</MASTERID>
  <ALTERID>7425</ALTERID>
  <ENTEREDBY>A</ENTEREDBY>
  <DATE>2016-05-25</DATE>
  <EFFECTIVEDATE>2016-05-25</EFFECTIVEDATE>
  <VOUCHERTYPENAME>Sales</VOUCHERTYPENAME>
  <PERSISTEDVIEW>InvoiceVoucherView</PERSISTEDVIEW>
  <VCHGSTCLASS>Not Applicable</VCHGSTCLASS>
  <ISCOSTCENTRE>false</ISCOSTCENTRE>
  <ISINVOICE>true</ISINVOICE>
  <VOUCHERNUMBER>20</VOUCHERNUMBER>
  <ISOPTIONAL>false</ISOPTIONAL>
  <NARRATION>Being Assembled PIV Computers sold.</NARRATION>
  <BASICDUEDATEOFPYMT>90 Days</BASICDUEDATEOFPYMT>
  <PARTYNAME>D R D O, Bangalore</PARTYNAME>
  <VOUCHERNUMBERSERIES>Default</VOUCHERNUMBERSERIES>
  <GSTREGISTRATION>Not Applicable</GSTREGISTRATION>
  <BASICBUYERNAME>Worldwide Computers</BASICBUYERNAME>
  <ISCANCELLED>false</ISCANCELLED>
  <OVRDNEWAYBILLAPPLICABILITY>false</OVRDNEWAYBILLAPPLICABILITY>
  <LEDGERENTRIES.LIST>
   <INDEXNUMBER>1</INDEXNUMBER>
   <LEDGERNAME>Worldwide Computers</LEDGERNAME>
   <VCHLEDGERTYPE>Others</VCHLEDGERTYPE>
   <ISDEEMEDPOSITIVE>true</ISDEEMEDPOSITIVE>
   <ISPARTYLEDGER>true</ISPARTYLEDGER>
   <AMOUNT>
    <AMOUNT>652500</AMOUNT>
    <CURRENCY>₹</CURRENCY>
    <FOREXSYMBOL>- * -</FOREXSYMBOL>
    <ISDEBIT>true</ISDEBIT>
   </AMOUNT>
   <BILLALLOCATIONS.LIST>
    <BILLTYPE>AgstRef</BILLTYPE>
    <NAME>17</NAME>
    <BILLCREDITPERIOD>
     <DUEONDATE>2010-06-30</DUEONDATE>
     <INDAYS>90</INDAYS>
     <INTEXT>90 Days</INTEXT>
    </BILLCREDITPERIOD>
    <AMOUNT>
     <AMOUNT>652500</AMOUNT>
     <CURRENCY>₹</CURRENCY>
     <FOREXSYMBOL>- * -</FOREXSYMBOL>
     <ISDEBIT>true</ISDEBIT>
    </AMOUNT>
   </BILLALLOCATIONS.LIST>
  </LEDGERENTRIES.LIST>
  <LEDGERENTRIES.LIST>
   <INDEXNUMBER>2</INDEXNUMBER>
   <LEDGERNAME>Transportation &amp; Packaging</LEDGERNAME>
   <VCHLEDGERTYPE>Others</VCHLEDGERTYPE>
   <ISDEEMEDPOSITIVE>false</ISDEEMEDPOSITIVE>
   <ISPARTYLEDGER>false</ISPARTYLEDGER>
   <AMOUNT>
    <AMOUNT>2500</AMOUNT>
    <CURRENCY>₹</CURRENCY>
    <FOREXSYMBOL>- * -</FOREXSYMBOL>
    <ISDEBIT>false</ISDEBIT>
   </AMOUNT>
  </LEDGERENTRIES.LIST>
  <LEDGERENTRIES.LIST>
   <INDEXNUMBER>3</INDEXNUMBER>
   <LEDGERNAME>CST Tax @ 4%</LEDGERNAME>
   <LEDGERTAXTYPE>Sales Tax</LEDGERTAXTYPE>
   <VCHLEDGERTYPE>Others</VCHLEDGERTYPE>
   <ISDEEMEDPOSITIVE>false</ISDEEMEDPOSITIVE>
   <ISPARTYLEDGER>false</ISPARTYLEDGER>
   <AMOUNT>
    <AMOUNT>25000</AMOUNT>
    <CURRENCY>₹</CURRENCY>
    <FOREXSYMBOL>- * -</FOREXSYMBOL>
    <ISDEBIT>false</ISDEBIT>
   </AMOUNT>
  </LEDGERENTRIES.LIST>
  <ALLINVENTORYENTRIES.LIST>
   <INDEXNUMBER>1</INDEXNUMBER>
   <STOCKITEMNAME>Assembled PIV</STOCKITEMNAME>
   <ISSCRAP>false</ISSCRAP>
   <DISCOUNT>0</DISCOUNT>
   <ISDEEMEDPOSITIVE>false</ISDEEMEDPOSITIVE>
   <BASICUSERDESCRIPTION.LIST>
    <BASICUSERDESCRIPTION></BASICUSERDESCRIPTION>
   </BASICUSERDESCRIPTION.LIST>
   <RATE>
    <BASERATE>25000.00</BASERATE>
    <FOREXRATE>25000</FOREXRATE>
    <UNIT>Nos</UNIT>
   </RATE>
   <ACTUALQTY>
    <UNIT>Nos</UNIT>
    <QUANTITY>25</QUANTITY>
   </ACTUALQTY>
   <BILLEDQTY>
    <UNIT>Nos</UNIT>
    <QUANTITY>25</QUANTITY>
   </BILLEDQTY>
   <AMOUNT>
    <AMOUNT>625000</AMOUNT>
    <CURRENCY>₹</CURRENCY>
    <FOREXSYMBOL>- * -</FOREXSYMBOL>
    <ISDEBIT>false</ISDEBIT>
   </AMOUNT>
   <BATCHALLOCATIONS.LIST>
    <TRACKINGNUMBER>Not Applicable</TRACKINGNUMBER>
    <ORDERNO>Not Applicable</ORDERNO>
    <GODOWNNAME>Assembly Floor</GODOWNNAME>
    <BATCHNAME>Primary Batch</BATCHNAME>
    <AMOUNT>
     <AMOUNT>625000</AMOUNT>
     <CURRENCY>₹</CURRENCY>
     <FOREXSYMBOL>- * -</FOREXSYMBOL>
     <ISDEBIT>false</ISDEBIT>
    </AMOUNT>
    <ACTUALQTY>
     <UNIT>Nos</UNIT>
     <QUANTITY>25</QUANTITY>
    </ACTUALQTY>
    <BILLEDQTY>
     <UNIT>Nos</UNIT>
     <QUANTITY>25</QUANTITY>
    </BILLEDQTY>
   </BATCHALLOCATIONS.LIST>
   <ACCOUNTINGALLOCATIONS.LIST>
    <INDEXNUMBER>1</INDEXNUMBER>
    <LEDGERNAME>Interstate Sales @ 4%</LEDGERNAME>
    <LEDGERTAXTYPE>Sales Tax</LEDGERTAXTYPE>
    <VCHLEDGERTYPE>Others</VCHLEDGERTYPE>
    <ISDEEMEDPOSITIVE>false</ISDEEMEDPOSITIVE>
    <AMOUNT>
     <AMOUNT>625000</AMOUNT>
     <CURRENCY>₹</CURRENCY>
     <FOREXSYMBOL>- * -</FOREXSYMBOL>
     <ISDEBIT>false</ISDEBIT>
    </AMOUNT>
   </ACCOUNTINGALLOCATIONS.LIST>
  </ALLINVENTORYENTRIES.LIST>
 </VOUCHER>
 <VOUCHER>
  <GUID>52889497-5b6b-403d-8f83-224e3c7759b4-00000093</GUID>
  <REMOTEALTGUID>52889497-5b6b-403d-8f83-224e3c7759b4</REMOTEALTGUID>
  <MASTERID>147</MASTERID>
  <ALTERID>7426</ALTERID>
  <ENTEREDBY>A</ENTEREDBY>
  <DATE>2016-05-25</DATE>
  <EFFECTIVEDATE>2016-05-25</EFFECTIVEDATE>
  <VOUCHERTYPENAME>Sales</VOUCHERTYPENAME>
  <PERSISTEDVIEW>InvoiceVoucherView</PERSISTEDVIEW>
  <VCHGSTCLASS>Not Applicable</VCHGSTCLASS>
  <ISCOSTCENTRE>false</ISCOSTCENTRE>
  <ISINVOICE>true</ISINVOICE>
  <VOUCHERNUMBER>21</VOUCHERNUMBER>
  <ISOPTIONAL>false</ISOPTIONAL>
  <PARTYNAME>Hindustan Timbers</PARTYNAME>
  <VOUCHERNUMBERSERIES>Default</VOUCHERNUMBERSERIES>
  <GSTREGISTRATION>Not Applicable</GSTREGISTRATION>
  <BASICBUYERNAME>Hindustan Timbers</BASICBUYERNAME>
  <ISCANCELLED>false</ISCANCELLED>
  <OVRDNEWAYBILLAPPLICABILITY>false</OVRDNEWAYBILLAPPLICABILITY>
  <LEDGERENTRIES.LIST>
   <INDEXNUMBER>1</INDEXNUMBER>
   <LEDGERNAME>Hindustan Timbers</LEDGERNAME>
   <VCHLEDGERTYPE>Others</VCHLEDGERTYPE>
   <ISDEEMEDPOSITIVE>true</ISDEEMEDPOSITIVE>
   <ISPARTYLEDGER>true</ISPARTYLEDGER>
   <AMOUNT>
    <AMOUNT>597724.88</AMOUNT>
    <CURRENCY>₹</CURRENCY>
    <FOREXSYMBOL>- * -</FOREXSYMBOL>
    <ISDEBIT>true</ISDEBIT>
   </AMOUNT>
   <BILLALLOCATIONS.LIST>
    <BILLTYPE>NewRef</BILLTYPE>
    <NAME>6</NAME>
    <AMOUNT>
     <AMOUNT>597724.88</AMOUNT>
     <CURRENCY>₹</CURRENCY>
     <FOREXSYMBOL>- * -</FOREXSYMBOL>
     <ISDEBIT>true</ISDEBIT>
    </AMOUNT>
   </BILLALLOCATIONS.LIST>
  </LEDGERENTRIES.LIST>
  <LEDGERENTRIES.LIST>
   <INDEXNUMBER>2</INDEXNUMBER>
   <LEDGERNAME>TCS @ 2.5%</LEDGERNAME>
   <VCHLEDGERTYPE>TCS</VCHLEDGERTYPE>
   <ISDEEMEDPOSITIVE>false</ISDEEMEDPOSITIVE>
   <ISPARTYLEDGER>false</ISPARTYLEDGER>
   <AMOUNT>
    <AMOUNT>15311</AMOUNT>
    <CURRENCY>₹</CURRENCY>
    <FOREXSYMBOL>- * -</FOREXSYMBOL>
    <ISDEBIT>false</ISDEBIT>
   </AMOUNT>
  </LEDGERENTRIES.LIST>
  <LEDGERENTRIES.LIST>
   <INDEXNUMBER>3</INDEXNUMBER>
   <LEDGERNAME>Output VAT @ 12.5%</LEDGERNAME>
   <LEDGERTAXTYPE>On VAT Rate</LEDGERTAXTYPE>
   <VCHLEDGERTYPE>VAT</VCHLEDGERTYPE>
   <ISDEEMEDPOSITIVE>false</ISDEEMEDPOSITIVE>
   <ISPARTYLEDGER>false</ISPARTYLEDGER>
   <AMOUNT>
    <AMOUNT>66413.88</AMOUNT>
    <CURRENCY>₹</CURRENCY>
    <FOREXSYMBOL>- * -</FOREXSYMBOL>
    <ISDEBIT>false</ISDEBIT>
   </AMOUNT>
  </LEDGERENTRIES.LIST>
  <ALLINVENTORYENTRIES.LIST>
   <INDEXNUMBER>1</INDEXNUMBER>
   <STOCKITEMNAME>Timber</STOCKITEMNAME>
   <ISSCRAP>false</ISSCRAP>
   <DISCOUNT>0</DISCOUNT>
   <ISDEEMEDPOSITIVE>false</ISDEEMEDPOSITIVE>
   <BASICUSERDESCRIPTION.LIST>
    <BASICUSERDESCRIPTION></BASICUSERDESCRIPTION>
   </BASICUSERDESCRIPTION.LIST>
   <RATE>
    <BASERATE>8600.00</BASERATE>
    <FOREXRATE>8600</FOREXRATE>
    <UNIT>MT</UNIT>
   </RATE>
   <ACTUALQTY>
    <UNIT>MT</UNIT>
    <QUANTITY>60</QUANTITY>
   </ACTUALQTY>
   <BILLEDQTY>
    <UNIT>MT</UNIT>
    <QUANTITY>60</QUANTITY>
   </BILLEDQTY>
   <AMOUNT>
    <AMOUNT>516000</AMOUNT>
    <CURRENCY>₹</CURRENCY>
    <FOREXSYMBOL>- * -</FOREXSYMBOL>
    <ISDEBIT>false</ISDEBIT>
   </AMOUNT>
   <BATCHALLOCATIONS.LIST>
    <TRACKINGNUMBER>Not Applicable</TRACKINGNUMBER>
    <ORDERNO>Not Applicable</ORDERNO>
    <GODOWNNAME>Main Location</GODOWNNAME>
    <BATCHNAME>Primary Batch</BATCHNAME>
    <AMOUNT>
     <AMOUNT>516000</AMOUNT>
     <CURRENCY>₹</CURRENCY>
     <FOREXSYMBOL>- * -</FOREXSYMBOL>
     <ISDEBIT>false</ISDEBIT>
    </AMOUNT>
    <ACTUALQTY>
     <UNIT>MT</UNIT>
     <QUANTITY>60</QUANTITY>
    </ACTUALQTY>
    <BILLEDQTY>
     <UNIT>MT</UNIT>
     <QUANTITY>60</QUANTITY>
    </BILLEDQTY>
   </BATCHALLOCATIONS.LIST>
   <ACCOUNTINGALLOCATIONS.LIST>
    <INDEXNUMBER>1</INDEXNUMBER>
    <LEDGERNAME>Sales @ 12.5%</LEDGERNAME>
    <VCHLEDGERTYPE>Others</VCHLEDGERTYPE>
    <ISDEEMEDPOSITIVE>false</ISDEEMEDPOSITIVE>
    <AMOUNT>
     <AMOUNT>516000</AMOUNT>
     <CURRENCY>₹</CURRENCY>
     <FOREXSYMBOL>- * -</FOREXSYMBOL>
     <ISDEBIT>false</ISDEBIT>
    </AMOUNT>
   </ACCOUNTINGALLOCATIONS.LIST>
  </ALLINVENTORYENTRIES.LIST>
 </VOUCHER>
 <VOUCHER>
  <GUID>52889497-5b6b-403d-8f83-224e3c7759b4-000012d1</GUID>
  <REMOTEALTGUID>52889497-5b6b-403d-8f83-224e3c7759b4</REMOTEALTGUID>
  <MASTERID>4817</MASTERID>
  <ALTERID>7461</ALTERID>
  <ENTEREDBY>A</ENTEREDBY>
  <DATE>2016-05-31</DATE>
  <EFFECTIVEDATE>2016-05-31</EFFECTIVEDATE>
  <VOUCHERTYPENAME>Sales</VOUCHERTYPENAME>
  <PERSISTEDVIEW>InvoiceVoucherView</PERSISTEDVIEW>
  <VCHGSTCLASS>Not Applicable</VCHGSTCLASS>
  <ISCOSTCENTRE>false</ISCOSTCENTRE>
  <ISINVOICE>true</ISINVOICE>
  <VOUCHERNUMBER>22</VOUCHERNUMBER>
  <ISOPTIONAL>false</ISOPTIONAL>
  <BASICDUEDATEOFPYMT>60 Days</BASICDUEDATEOFPYMT>
  <PARTYNAME>ABC Ltd</PARTYNAME>
  <VOUCHERNUMBERSERIES>Default</VOUCHERNUMBERSERIES>
  <GSTREGISTRATION>Not Applicable</GSTREGISTRATION>
  <BASICBUYERNAME>All India Computer Institute</BASICBUYERNAME>
  <ISCANCELLED>false</ISCANCELLED>
  <OVRDNEWAYBILLAPPLICABILITY>false</OVRDNEWAYBILLAPPLICABILITY>
  <LEDGERENTRIES.LIST>
   <INDEXNUMBER>1</INDEXNUMBER>
   <LEDGERNAME>All India Computer Institute</LEDGERNAME>
   <VCHLEDGERTYPE>Others</VCHLEDGERTYPE>
   <ISDEEMEDPOSITIVE>true</ISDEEMEDPOSITIVE>
   <ISPARTYLEDGER>true</ISPARTYLEDGER>
   <AMOUNT>
    <AMOUNT>150000</AMOUNT>
    <CURRENCY>₹</CURRENCY>
    <FOREXSYMBOL>- * -</FOREXSYMBOL>
    <ISDEBIT>true</ISDEBIT>
   </AMOUNT>
   <BILLALLOCATIONS.LIST>
    <BILLTYPE>AgstRef</BILLTYPE>
    <NAME>103</NAME>
    <BILLCREDITPERIOD>
     <DUEONDATE>2009-07-30</DUEONDATE>
     <INDAYS>60</INDAYS>
     <INTEXT>60 Days</INTEXT>
    </BILLCREDITPERIOD>
    <AMOUNT>
     <AMOUNT>150000</AMOUNT>
     <CURRENCY>₹</CURRENCY>
     <FOREXSYMBOL>- * -</FOREXSYMBOL>
     <ISDEBIT>true</ISDEBIT>
    </AMOUNT>
   </BILLALLOCATIONS.LIST>
  </LEDGERENTRIES.LIST>
  <ALLINVENTORYENTRIES.LIST>
   <INDEXNUMBER>1</INDEXNUMBER>
   <STOCKITEMNAME>Assembled PIV</STOCKITEMNAME>
   <ISSCRAP>false</ISSCRAP>
   <DISCOUNT>0</DISCOUNT>
   <ISDEEMEDPOSITIVE>false</ISDEEMEDPOSITIVE>
   <BASICUSERDESCRIPTION.LIST>
    <BASICUSERDESCRIPTION>Desc1</BASICUSERDESCRIPTION>
    <BASICUSERDESCRIPTION>Desc2</BASICUSERDESCRIPTION>
    <BASICUSERDESCRIPTION>Desc3</BASICUSERDESCRIPTION>
    <BASICUSERDESCRIPTION>Desc4</BASICUSERDESCRIPTION>
   </BASICUSERDESCRIPTION.LIST>
   <RATE>
    <BASERATE>15000.00</BASERATE>
    <FOREXRATE>15000</FOREXRATE>
    <UNIT>Nos</UNIT>
   </RATE>
   <ACTUALQTY>
    <UNIT>Nos</UNIT>
    <QUANTITY>10</QUANTITY>
   </ACTUALQTY>
   <BILLEDQTY>
    <UNIT>Nos</UNIT>
    <QUANTITY>10</QUANTITY>
   </BILLEDQTY>
   <AMOUNT>
    <AMOUNT>150000</AMOUNT>
    <CURRENCY>₹</CURRENCY>
    <FOREXSYMBOL>- * -</FOREXSYMBOL>
    <ISDEBIT>false</ISDEBIT>
   </AMOUNT>
   <BATCHALLOCATIONS.LIST>
    <TRACKINGNUMBER>Not Applicable</TRACKINGNUMBER>
    <ORDERNO>Not Applicable</ORDERNO>
    <GODOWNNAME>Stores II</GODOWNNAME>
    <BATCHNAME>Primary Batch</BATCHNAME>
    <AMOUNT>
     <AMOUNT>150000</AMOUNT>
     <CURRENCY>₹</CURRENCY>
     <FOREXSYMBOL>- * -</FOREXSYMBOL>
     <ISDEBIT>false</ISDEBIT>
    </AMOUNT>
    <ACTUALQTY>
     <UNIT>Nos</UNIT>
     <QUANTITY>10</QUANTITY>
    </ACTUALQTY>
    <BILLEDQTY>
     <UNIT>Nos</UNIT>
     <QUANTITY>10</QUANTITY>
    </BILLEDQTY>
   </BATCHALLOCATIONS.LIST>
   <ACCOUNTINGALLOCATIONS.LIST>
    <INDEXNUMBER>1</INDEXNUMBER>
    <LEDGERNAME>Cash Sales</LEDGERNAME>
    <VCHLEDGERTYPE>Others</VCHLEDGERTYPE>
    <ISDEEMEDPOSITIVE>false</ISDEEMEDPOSITIVE>
    <AMOUNT>
     <AMOUNT>150000</AMOUNT>
     <CURRENCY>₹</CURRENCY>
     <FOREXSYMBOL>- * -</FOREXSYMBOL>
     <ISDEBIT>false</ISDEBIT>
    </AMOUNT>
   </ACCOUNTINGALLOCATIONS.LIST>
  </ALLINVENTORYENTRIES.LIST>
 </VOUCHER>
 <VOUCHER>
  <GUID>52889497-5b6b-403d-8f83-224e3c7759b4-000012d2</GUID>
  <REMOTEALTGUID>52889497-5b6b-403d-8f83-224e3c7759b4</REMOTEALTGUID>
  <MASTERID>4818</MASTERID>
  <ALTERID>7462</ALTERID>
  <ENTEREDBY>A</ENTEREDBY>
  <DATE>2016-05-31</DATE>
  <EFFECTIVEDATE>2016-05-31</EFFECTIVEDATE>
  <VOUCHERTYPENAME>Sales</VOUCHERTYPENAME>
  <PERSISTEDVIEW>InvoiceVoucherView</PERSISTEDVIEW>
  <VCHGSTCLASS>Not Applicable</VCHGSTCLASS>
  <ISCOSTCENTRE>false</ISCOSTCENTRE>
  <ISINVOICE>true</ISINVOICE>
  <VOUCHERNUMBER>23</VOUCHERNUMBER>
  <ISOPTIONAL>false</ISOPTIONAL>
  <PARTYNAME>ABC Ltd</PARTYNAME>
  <VOUCHERNUMBERSERIES>Default</VOUCHERNUMBERSERIES>
  <GSTREGISTRATION>Not Applicable</GSTREGISTRATION>
  <BASICBUYERNAME>ABC Ltd</BASICBUYERNAME>
  <ISCANCELLED>false</ISCANCELLED>
  <OVRDNEWAYBILLAPPLICABILITY>false</OVRDNEWAYBILLAPPLICABILITY>
  <LEDGERENTRIES.LIST>
   <INDEXNUMBER>1</INDEXNUMBER>
   <LEDGERNAME>ABC India Pvt. Ltd.</LEDGERNAME>
   <VCHLEDGERTYPE>Others</VCHLEDGERTYPE>
   <ISDEEMEDPOSITIVE>true</ISDEEMEDPOSITIVE>
   <ISPARTYLEDGER>true</ISPARTYLEDGER>
   <AMOUNT>
    <AMOUNT>25000</AMOUNT>
    <CURRENCY>₹</CURRENCY>
    <FOREXSYMBOL>- * -</FOREXSYMBOL>
    <ISDEBIT>true</ISDEBIT>
   </AMOUNT>
   <BILLALLOCATIONS.LIST>
    <BILLTYPE>AgstRef</BILLTYPE>
    <NAME>104</NAME>
    <AMOUNT>
     <AMOUNT>25000</AMOUNT>
     <CURRENCY>₹</CURRENCY>
     <FOREXSYMBOL>- * -</FOREXSYMBOL>
     <ISDEBIT>true</ISDEBIT>
    </AMOUNT>
   </BILLALLOCATIONS.LIST>
  </LEDGERENTRIES.LIST>
  <ALLINVENTORYENTRIES.LIST>
   <INDEXNUMBER>1</INDEXNUMBER>
   <STOCKITEMNAME>Assembled PIV</STOCKITEMNAME>
   <ISSCRAP>false</ISSCRAP>
   <DISCOUNT>0</DISCOUNT>
   <ISDEEMEDPOSITIVE>false</ISDEEMEDPOSITIVE>
   <BASICUSERDESCRIPTION.LIST>
    <BASICUSERDESCRIPTION></BASICUSERDESCRIPTION>
   </BASICUSERDESCRIPTION.LIST>
   <RATE>
    <BASERATE>25000.00</BASERATE>
    <FOREXRATE>25000</FOREXRATE>
    <UNIT>Nos</UNIT>
   </RATE>
   <ACTUALQTY>
    <UNIT>Nos</UNIT>
    <QUANTITY>1</QUANTITY>
   </ACTUALQTY>
   <BILLEDQTY>
    <UNIT>Nos</UNIT>
    <QUANTITY>1</QUANTITY>
   </BILLEDQTY>
   <AMOUNT>
    <AMOUNT>25000</AMOUNT>
    <CURRENCY>₹</CURRENCY>
    <FOREXSYMBOL>- * -</FOREXSYMBOL>
    <ISDEBIT>false</ISDEBIT>
   </AMOUNT>
   <BATCHALLOCATIONS.LIST>
    <TRACKINGNUMBER>Not Applicable</TRACKINGNUMBER>
    <ORDERNO>Not Applicable</ORDERNO>
    <GODOWNNAME>Stores II</GODOWNNAME>
    <BATCHNAME>Primary Batch</BATCHNAME>
    <AMOUNT>
     <AMOUNT>25000</AMOUNT>
     <CURRENCY>₹</CURRENCY>
     <FOREXSYMBOL>- * -</FOREXSYMBOL>
     <ISDEBIT>false</ISDEBIT>
    </AMOUNT>
    <ACTUALQTY>
     <UNIT>Nos</UNIT>
     <QUANTITY>1</QUANTITY>
    </ACTUALQTY>
    <BILLEDQTY>
     <UNIT>Nos</UNIT>
     <QUANTITY>1</QUANTITY>
    </BILLEDQTY>
   </BATCHALLOCATIONS.LIST>
   <ACCOUNTINGALLOCATIONS.LIST>
    <INDEXNUMBER>1</INDEXNUMBER>
    <LEDGERNAME>Cash Sales</LEDGERNAME>
    <VCHLEDGERTYPE>Others</VCHLEDGERTYPE>
    <ISDEEMEDPOSITIVE>false</ISDEEMEDPOSITIVE>
    <AMOUNT>
     <AMOUNT>25000</AMOUNT>
     <CURRENCY>₹</CURRENCY>
     <FOREXSYMBOL>- * -</FOREXSYMBOL>
     <ISDEBIT>false</ISDEBIT>
    </AMOUNT>
   </ACCOUNTINGALLOCATIONS.LIST>
  </ALLINVENTORYENTRIES.LIST>
 </VOUCHER>
 <VOUCHER>
  <GUID>52889497-5b6b-403d-8f83-224e3c7759b4-000012d3</GUID>
  <REMOTEALTGUID>52889497-5b6b-403d-8f83-224e3c7759b4</REMOTEALTGUID>
  <MASTERID>4819</MASTERID>
  <ALTERID>7463</ALTERID>
  <ENTEREDBY>A</ENTEREDBY>
  <DATE>2016-05-31</DATE>
  <EFFECTIVEDATE>2016-05-31</EFFECTIVEDATE>
  <VOUCHERTYPENAME>Sales</VOUCHERTYPENAME>
  <PERSISTEDVIEW>InvoiceVoucherView</PERSISTEDVIEW>
  <VCHGSTCLASS>Not Applicable</VCHGSTCLASS>
  <ISCOSTCENTRE>false</ISCOSTCENTRE>
  <ISINVOICE>true</ISINVOICE>
  <VOUCHERNUMBER>24</VOUCHERNUMBER>
  <ISOPTIONAL>false</ISOPTIONAL>
  <PARTYNAME>Adview Consultants</PARTYNAME>
  <VOUCHERNUMBERSERIES>Default</VOUCHERNUMBERSERIES>
  <GSTREGISTRATION>Not Applicable</GSTREGISTRATION>
  <BASICBUYERNAME>Adview Consultants</BASICBUYERNAME>
  <ISCANCELLED>false</ISCANCELLED>
  <OVRDNEWAYBILLAPPLICABILITY>false</OVRDNEWAYBILLAPPLICABILITY>
  <LEDGERENTRIES.LIST>
   <INDEXNUMBER>1</INDEXNUMBER>
   <LEDGERNAME>Adview Consultants</LEDGERNAME>
   <VCHLEDGERTYPE>Others</VCHLEDGERTYPE>
   <ISDEEMEDPOSITIVE>true</ISDEEMEDPOSITIVE>
   <ISPARTYLEDGER>true</ISPARTYLEDGER>
   <AMOUNT>
    <AMOUNT>250000</AMOUNT>
    <CURRENCY>₹</CURRENCY>
    <FOREXSYMBOL>- * -</FOREXSYMBOL>
    <ISDEBIT>true</ISDEBIT>
   </AMOUNT>
   <BILLALLOCATIONS.LIST>
    <BILLTYPE>AgstRef</BILLTYPE>
    <NAME>105</NAME>
    <AMOUNT>
     <AMOUNT>250000</AMOUNT>
     <CURRENCY>₹</CURRENCY>
     <FOREXSYMBOL>- * -</FOREXSYMBOL>
     <ISDEBIT>true</ISDEBIT>
    </AMOUNT>
   </BILLALLOCATIONS.LIST>
  </LEDGERENTRIES.LIST>
  <ALLINVENTORYENTRIES.LIST>
   <INDEXNUMBER>1</INDEXNUMBER>
   <STOCKITEMNAME>Assembled PIV</STOCKITEMNAME>
   <ISSCRAP>false</ISSCRAP>
   <DISCOUNT>0</DISCOUNT>
   <ISDEEMEDPOSITIVE>false</ISDEEMEDPOSITIVE>
   <BASICUSERDESCRIPTION.LIST>
    <BASICUSERDESCRIPTION></BASICUSERDESCRIPTION>
   </BASICUSERDESCRIPTION.LIST>
   <RATE>
    <BASERATE>25000.00</BASERATE>
    <FOREXRATE>25000</FOREXRATE>
    <UNIT>Nos</UNIT>
   </RATE>
   <ACTUALQTY>
    <UNIT>Nos</UNIT>
    <QUANTITY>10</QUANTITY>
   </ACTUALQTY>
   <BILLEDQTY>
    <UNIT>Nos</UNIT>
    <QUANTITY>10</QUANTITY>
   </BILLEDQTY>
   <AMOUNT>
    <AMOUNT>250000</AMOUNT>
    <CURRENCY>₹</CURRENCY>
    <FOREXSYMBOL>- * -</FOREXSYMBOL>
    <ISDEBIT>false</ISDEBIT>
   </AMOUNT>
   <BATCHALLOCATIONS.LIST>
    <TRACKINGNUMBER>Not Applicable</TRACKINGNUMBER>
    <ORDERNO>Not Applicable</ORDERNO>
    <GODOWNNAME>Stores II</GODOWNNAME>
    <BATCHNAME>Primary Batch</BATCHNAME>
    <AMOUNT>
     <AMOUNT>250000</AMOUNT>
     <CURRENCY>₹</CURRENCY>
     <FOREXSYMBOL>- * -</FOREXSYMBOL>
     <ISDEBIT>false</ISDEBIT>
    </AMOUNT>
    <ACTUALQTY>
     <UNIT>Nos</UNIT>
     <QUANTITY>10</QUANTITY>
    </ACTUALQTY>
    <BILLEDQTY>
     <UNIT>Nos</UNIT>
     <QUANTITY>10</QUANTITY>
    </BILLEDQTY>
   </BATCHALLOCATIONS.LIST>
   <ACCOUNTINGALLOCATIONS.LIST>
    <INDEXNUMBER>1</INDEXNUMBER>
    <LEDGERNAME>Advertisement Charges</LEDGERNAME>
    <VCHLEDGERTYPE>Others</VCHLEDGERTYPE>
    <ISDEEMEDPOSITIVE>false</ISDEEMEDPOSITIVE>
    <AMOUNT>
     <AMOUNT>250000</AMOUNT>
     <CURRENCY>₹</CURRENCY>
     <FOREXSYMBOL>- * -</FOREXSYMBOL>
     <ISDEBIT>false</ISDEBIT>
    </AMOUNT>
   </ACCOUNTINGALLOCATIONS.LIST>
  </ALLINVENTORYENTRIES.LIST>
 </VOUCHER>
 <VOUCHER>
  <GUID>52889497-5b6b-403d-8f83-224e3c7759b4-000012d4</GUID>
  <REMOTEALTGUID>52889497-5b6b-403d-8f83-224e3c7759b4</REMOTEALTGUID>
  <MASTERID>4820</MASTERID>
  <ALTERID>7464</ALTERID>
  <ENTEREDBY>A</ENTEREDBY>
  <DATE>2016-05-31</DATE>
  <EFFECTIVEDATE>2016-05-31</EFFECTIVEDATE>
  <VOUCHERTYPENAME>Sales</VOUCHERTYPENAME>
  <PERSISTEDVIEW>InvoiceVoucherView</PERSISTEDVIEW>
  <VCHGSTCLASS>Not Applicable</VCHGSTCLASS>
  <ISCOSTCENTRE>false</ISCOSTCENTRE>
  <ISINVOICE>true</ISINVOICE>
  <VOUCHERNUMBER>25</VOUCHERNUMBER>
  <ISOPTIONAL>false</ISOPTIONAL>
  <PARTYNAME>Adview Consultants</PARTYNAME>
  <VOUCHERNUMBERSERIES>Default</VOUCHERNUMBERSERIES>
  <GSTREGISTRATION>Not Applicable</GSTREGISTRATION>
  <BASICBUYERNAME>Adview Consultants</BASICBUYERNAME>
  <ISCANCELLED>false</ISCANCELLED>
  <OVRDNEWAYBILLAPPLICABILITY>false</OVRDNEWAYBILLAPPLICABILITY>
  <LEDGERENTRIES.LIST>
   <INDEXNUMBER>1</INDEXNUMBER>
   <LEDGERNAME>Adview Consultants</LEDGERNAME>
   <VCHLEDGERTYPE>Others</VCHLEDGERTYPE>
   <ISDEEMEDPOSITIVE>true</ISDEEMEDPOSITIVE>
   <ISPARTYLEDGER>true</ISPARTYLEDGER>
   <AMOUNT>
    <AMOUNT>25000</AMOUNT>
    <CURRENCY>₹</CURRENCY>
    <FOREXSYMBOL>- * -</FOREXSYMBOL>
    <ISDEBIT>true</ISDEBIT>
   </AMOUNT>
   <BILLALLOCATIONS.LIST>
    <BILLTYPE>AgstRef</BILLTYPE>
    <NAME>106</NAME>
    <AMOUNT>
     <AMOUNT>25000</AMOUNT>
     <CURRENCY>₹</CURRENCY>
     <FOREXSYMBOL>- * -</FOREXSYMBOL>
     <ISDEBIT>true</ISDEBIT>
    </AMOUNT>
   </BILLALLOCATIONS.LIST>
  </LEDGERENTRIES.LIST>
  <ALLINVENTORYENTRIES.LIST>
   <INDEXNUMBER>1</INDEXNUMBER>
   <STOCKITEMNAME>Assembled PIV</STOCKITEMNAME>
   <ISSCRAP>false</ISSCRAP>
   <DISCOUNT>0</DISCOUNT>
   <ISDEEMEDPOSITIVE>false</ISDEEMEDPOSITIVE>
   <BASICUSERDESCRIPTION.LIST>
    <BASICUSERDESCRIPTION></BASICUSERDESCRIPTION>
   </BASICUSERDESCRIPTION.LIST>
   <RATE>
    <BASERATE>25000.00</BASERATE>
    <FOREXRATE>25000</FOREXRATE>
    <UNIT>Nos</UNIT>
   </RATE>
   <ACTUALQTY>
    <UNIT>Nos</UNIT>
    <QUANTITY>1</QUANTITY>
   </ACTUALQTY>
   <BILLEDQTY>
    <UNIT>Nos</UNIT>
    <QUANTITY>1</QUANTITY>
   </BILLEDQTY>
   <AMOUNT>
    <AMOUNT>25000</AMOUNT>
    <CURRENCY>₹</CURRENCY>
    <FOREXSYMBOL>- * -</FOREXSYMBOL>
    <ISDEBIT>false</ISDEBIT>
   </AMOUNT>
   <BATCHALLOCATIONS.LIST>
    <TRACKINGNUMBER>Not Applicable</TRACKINGNUMBER>
    <ORDERNO>Not Applicable</ORDERNO>
    <GODOWNNAME>Assembly Floor</GODOWNNAME>
    <BATCHNAME>Primary Batch</BATCHNAME>
    <AMOUNT>
     <AMOUNT>25000</AMOUNT>
     <CURRENCY>₹</CURRENCY>
     <FOREXSYMBOL>- * -</FOREXSYMBOL>
     <ISDEBIT>false</ISDEBIT>
    </AMOUNT>
    <ACTUALQTY>
     <UNIT>Nos</UNIT>
     <QUANTITY>1</QUANTITY>
    </ACTUALQTY>
    <BILLEDQTY>
     <UNIT>Nos</UNIT>
     <QUANTITY>1</QUANTITY>
    </BILLEDQTY>
   </BATCHALLOCATIONS.LIST>
   <ACCOUNTINGALLOCATIONS.LIST>
    <INDEXNUMBER>1</INDEXNUMBER>
    <LEDGERNAME>Interstate Sales @ 4%</LEDGERNAME>
    <LEDGERTAXTYPE>Sales Tax</LEDGERTAXTYPE>
    <VCHLEDGERTYPE>Others</VCHLEDGERTYPE>
    <ISDEEMEDPOSITIVE>false</ISDEEMEDPOSITIVE>
    <AMOUNT>
     <AMOUNT>25000</AMOUNT>
     <CURRENCY>₹</CURRENCY>
     <FOREXSYMBOL>- * -</FOREXSYMBOL>
     <ISDEBIT>false</ISDEBIT>
    </AMOUNT>
   </ACCOUNTINGALLOCATIONS.LIST>
  </ALLINVENTORYENTRIES.LIST>
 </VOUCHER>
 <VOUCHER>
  <GUID>52889497-5b6b-403d-8f83-224e3c7759b4-000012d5</GUID>
  <REMOTEALTGUID>52889497-5b6b-403d-8f83-224e3c7759b4</REMOTEALTGUID>
  <MASTERID>4821</MASTERID>
  <ALTERID>7465</ALTERID>
  <ENTEREDBY>A</ENTEREDBY>
  <DATE>2016-05-31</DATE>
  <EFFECTIVEDATE>2016-05-31</EFFECTIVEDATE>
  <VOUCHERTYPENAME>Sales</VOUCHERTYPENAME>
  <PERSISTEDVIEW>InvoiceVoucherView</PERSISTEDVIEW>
  <VCHGSTCLASS>Not Applicable</VCHGSTCLASS>
  <ISCOSTCENTRE>false</ISCOSTCENTRE>
  <ISINVOICE>true</ISINVOICE>
  <VOUCHERNUMBER>26</VOUCHERNUMBER>
  <ISOPTIONAL>false</ISOPTIONAL>
  <PARTYNAME>ABC Ltd</PARTYNAME>
  <VOUCHERNUMBERSERIES>Default</VOUCHERNUMBERSERIES>
  <GSTREGISTRATION>Not Applicable</GSTREGISTRATION>
  <BASICBUYERNAME>ABC Ltd</BASICBUYERNAME>
  <ISCANCELLED>false</ISCANCELLED>
  <OVRDNEWAYBILLAPPLICABILITY>false</OVRDNEWAYBILLAPPLICABILITY>
  <LEDGERENTRIES.LIST>
   <INDEXNUMBER>1</INDEXNUMBER>
   <LEDGERNAME>ABC India Pvt. Ltd.</LEDGERNAME>
   <VCHLEDGERTYPE>Others</VCHLEDGERTYPE>
   <ISDEEMEDPOSITIVE>true</ISDEEMEDPOSITIVE>
   <ISPARTYLEDGER>true</ISPARTYLEDGER>
   <AMOUNT>
    <AMOUNT>250000</AMOUNT>
    <CURRENCY>₹</CURRENCY>
    <FOREXSYMBOL>- * -</FOREXSYMBOL>
    <ISDEBIT>true</ISDEBIT>
   </AMOUNT>
   <BILLALLOCATIONS.LIST>
    <BILLTYPE>AgstRef</BILLTYPE>
    <NAME>107</NAME>
    <AMOUNT>
     <AMOUNT>250000</AMOUNT>
     <CURRENCY>₹</CURRENCY>
     <FOREXSYMBOL>- * -</FOREXSYMBOL>
     <ISDEBIT>true</ISDEBIT>
    </AMOUNT>
   </BILLALLOCATIONS.LIST>
  </LEDGERENTRIES.LIST>
  <ALLINVENTORYENTRIES.LIST>
   <INDEXNUMBER>1</INDEXNUMBER>
   <STOCKITEMNAME>Assembled PIV</STOCKITEMNAME>
   <ISSCRAP>false</ISSCRAP>
   <DISCOUNT>0</DISCOUNT>
   <ISDEEMEDPOSITIVE>false</ISDEEMEDPOSITIVE>
   <BASICUSERDESCRIPTION.LIST>
    <BASICUSERDESCRIPTION></BASICUSERDESCRIPTION>
   </BASICUSERDESCRIPTION.LIST>
   <RATE>
    <BASERATE>25000.00</BASERATE>
    <FOREXRATE>25000</FOREXRATE>
    <UNIT>Nos</UNIT>
   </RATE>
   <ACTUALQTY>
    <UNIT>Nos</UNIT>
    <QUANTITY>10</QUANTITY>
   </ACTUALQTY>
   <BILLEDQTY>
    <UNIT>Nos</UNIT>
    <QUANTITY>10</QUANTITY>
   </BILLEDQTY>
   <AMOUNT>
    <AMOUNT>250000</AMOUNT>
    <CURRENCY>₹</CURRENCY>
    <FOREXSYMBOL>- * -</FOREXSYMBOL>
    <ISDEBIT>false</ISDEBIT>
   </AMOUNT>
   <BATCHALLOCATIONS.LIST>
    <TRACKINGNUMBER>Not Applicable</TRACKINGNUMBER>
    <ORDERNO>Not Applicable</ORDERNO>
    <GODOWNNAME>Stores II</GODOWNNAME>
    <BATCHNAME>Primary Batch</BATCHNAME>
    <AMOUNT>
     <AMOUNT>250000</AMOUNT>
     <CURRENCY>₹</CURRENCY>
     <FOREXSYMBOL>- * -</FOREXSYMBOL>
     <ISDEBIT>false</ISDEBIT>
    </AMOUNT>
    <ACTUALQTY>
     <UNIT>Nos</UNIT>
     <QUANTITY>10</QUANTITY>
    </ACTUALQTY>
    <BILLEDQTY>
     <UNIT>Nos</UNIT>
     <QUANTITY>10</QUANTITY>
    </BILLEDQTY>
   </BATCHALLOCATIONS.LIST>
   <ACCOUNTINGALLOCATIONS.LIST>
    <INDEXNUMBER>1</INDEXNUMBER>
    <LEDGERNAME>Advertisement Charges</LEDGERNAME>
    <VCHLEDGERTYPE>Others</VCHLEDGERTYPE>
    <ISDEEMEDPOSITIVE>false</ISDEEMEDPOSITIVE>
    <AMOUNT>
     <AMOUNT>250000</AMOUNT>
     <CURRENCY>₹</CURRENCY>
     <FOREXSYMBOL>- * -</FOREXSYMBOL>
     <ISDEBIT>false</ISDEBIT>
    </AMOUNT>
   </ACCOUNTINGALLOCATIONS.LIST>
  </ALLINVENTORYENTRIES.LIST>
 </VOUCHER>
 <VOUCHER>
  <GUID>52889497-5b6b-403d-8f83-224e3c7759b4-000012d7</GUID>
  <REMOTEALTGUID>52889497-5b6b-403d-8f83-224e3c7759b4</REMOTEALTGUID>
  <MASTERID>4823</MASTERID>
  <ALTERID>7467</ALTERID>
  <ENTEREDBY>A</ENTEREDBY>
  <DATE>2016-05-31</DATE>
  <EFFECTIVEDATE>2016-05-31</EFFECTIVEDATE>
  <VOUCHERTYPENAME>Sales</VOUCHERTYPENAME>
  <PERSISTEDVIEW>InvoiceVoucherView</PERSISTEDVIEW>
  <VCHGSTCLASS>Not Applicable</VCHGSTCLASS>
  <ISCOSTCENTRE>false</ISCOSTCENTRE>
  <ISINVOICE>true</ISINVOICE>
  <VOUCHERNUMBER>27</VOUCHERNUMBER>
  <ISOPTIONAL>false</ISOPTIONAL>
  <PARTYNAME>ABC Ltd</PARTYNAME>
  <VOUCHERNUMBERSERIES>Default</VOUCHERNUMBERSERIES>
  <GSTREGISTRATION>Not Applicable</GSTREGISTRATION>
  <BASICBUYERNAME>ABC Ltd</BASICBUYERNAME>
  <ISCANCELLED>false</ISCANCELLED>
  <OVRDNEWAYBILLAPPLICABILITY>false</OVRDNEWAYBILLAPPLICABILITY>
  <LEDGERENTRIES.LIST>
   <INDEXNUMBER>1</INDEXNUMBER>
   <LEDGERNAME>ABC India Pvt. Ltd.</LEDGERNAME>
   <VCHLEDGERTYPE>Others</VCHLEDGERTYPE>
   <ISDEEMEDPOSITIVE>true</ISDEEMEDPOSITIVE>
   <ISPARTYLEDGER>true</ISPARTYLEDGER>
   <AMOUNT>
    <AMOUNT>250000</AMOUNT>
    <CURRENCY>₹</CURRENCY>
    <FOREXSYMBOL>- * -</FOREXSYMBOL>
    <ISDEBIT>true</ISDEBIT>
   </AMOUNT>
   <BILLALLOCATIONS.LIST>
    <BILLTYPE>AgstRef</BILLTYPE>
    <NAME>1</NAME>
    <AMOUNT>
     <AMOUNT>250000</AMOUNT>
     <CURRENCY>₹</CURRENCY>
     <FOREXSYMBOL>- * -</FOREXSYMBOL>
     <ISDEBIT>true</ISDEBIT>
    </AMOUNT>
   </BILLALLOCATIONS.LIST>
  </LEDGERENTRIES.LIST>
  <ALLINVENTORYENTRIES.LIST>
   <INDEXNUMBER>1</INDEXNUMBER>
   <STOCKITEMNAME>Assembled PIV</STOCKITEMNAME>
   <ISSCRAP>false</ISSCRAP>
   <DISCOUNT>0</DISCOUNT>
   <ISDEEMEDPOSITIVE>false</ISDEEMEDPOSITIVE>
   <BASICUSERDESCRIPTION.LIST>
    <BASICUSERDESCRIPTION></BASICUSERDESCRIPTION>
   </BASICUSERDESCRIPTION.LIST>
   <RATE>
    <BASERATE>25000.00</BASERATE>
    <FOREXRATE>25000</FOREXRATE>
    <UNIT>Nos</UNIT>
   </RATE>
   <ACTUALQTY>
    <UNIT>Nos</UNIT>
    <QUANTITY>10</QUANTITY>
   </ACTUALQTY>
   <BILLEDQTY>
    <UNIT>Nos</UNIT>
    <QUANTITY>10</QUANTITY>
   </BILLEDQTY>
   <AMOUNT>
    <AMOUNT>250000</AMOUNT>
    <CURRENCY>₹</CURRENCY>
    <FOREXSYMBOL>- * -</FOREXSYMBOL>
    <ISDEBIT>false</ISDEBIT>
   </AMOUNT>
   <BATCHALLOCATIONS.LIST>
    <TRACKINGNUMBER>Not Applicable</TRACKINGNUMBER>
    <ORDERNO>Not Applicable</ORDERNO>
    <GODOWNNAME>Stores II</GODOWNNAME>
    <BATCHNAME>Primary Batch</BATCHNAME>
    <AMOUNT>
     <AMOUNT>250000</AMOUNT>
     <CURRENCY>₹</CURRENCY>
     <FOREXSYMBOL>- * -</FOREXSYMBOL>
     <ISDEBIT>false</ISDEBIT>
    </AMOUNT>
    <ACTUALQTY>
     <UNIT>Nos</UNIT>
     <QUANTITY>10</QUANTITY>
    </ACTUALQTY>
    <BILLEDQTY>
     <UNIT>Nos</UNIT>
     <QUANTITY>10</QUANTITY>
    </BILLEDQTY>
   </BATCHALLOCATIONS.LIST>
   <ACCOUNTINGALLOCATIONS.LIST>
    <INDEXNUMBER>1</INDEXNUMBER>
    <LEDGERNAME>Advertisement Charges</LEDGERNAME>
    <VCHLEDGERTYPE>Others</VCHLEDGERTYPE>
    <ISDEEMEDPOSITIVE>false</ISDEEMEDPOSITIVE>
    <AMOUNT>
     <AMOUNT>250000</AMOUNT>
     <CURRENCY>₹</CURRENCY>
     <FOREXSYMBOL>- * -</FOREXSYMBOL>
     <ISDEBIT>false</ISDEBIT>
    </AMOUNT>
   </ACCOUNTINGALLOCATIONS.LIST>
  </ALLINVENTORYENTRIES.LIST>
 </VOUCHER>
 <VOUCHER>
  <GUID>52889497-5b6b-403d-8f83-224e3c7759b4-000012d8</GUID>
  <REMOTEALTGUID>52889497-5b6b-403d-8f83-224e3c7759b4</REMOTEALTGUID>
  <MASTERID>4824</MASTERID>
  <ALTERID>7468</ALTERID>
  <ENTEREDBY>A</ENTEREDBY>
  <DATE>2016-05-31</DATE>
  <EFFECTIVEDATE>2016-05-31</EFFECTIVEDATE>
  <VOUCHERTYPENAME>Sales</VOUCHERTYPENAME>
  <PERSISTEDVIEW>InvoiceVoucherView</PERSISTEDVIEW>
  <VCHGSTCLASS>Not Applicable</VCHGSTCLASS>
  <ISCOSTCENTRE>false</ISCOSTCENTRE>
  <ISINVOICE>true</ISINVOICE>
  <VOUCHERNUMBER>28</VOUCHERNUMBER>
  <ISOPTIONAL>false</ISOPTIONAL>
  <PARTYNAME>ABC Ltd</PARTYNAME>
  <VOUCHERNUMBERSERIES>Default</VOUCHERNUMBERSERIES>
  <GSTREGISTRATION>Not Applicable</GSTREGISTRATION>
  <BASICBUYERNAME>ABC Ltd</BASICBUYERNAME>
  <ISCANCELLED>false</ISCANCELLED>
  <OVRDNEWAYBILLAPPLICABILITY>false</OVRDNEWAYBILLAPPLICABILITY>
  <LEDGERENTRIES.LIST>
   <INDEXNUMBER>1</INDEXNUMBER>
   <LEDGERNAME>ABC India Pvt. Ltd.</LEDGERNAME>
   <VCHLEDGERTYPE>Others</VCHLEDGERTYPE>
   <ISDEEMEDPOSITIVE>true</ISDEEMEDPOSITIVE>
   <ISPARTYLEDGER>true</ISPARTYLEDGER>
   <AMOUNT>
    <AMOUNT>250000</AMOUNT>
    <CURRENCY>₹</CURRENCY>
    <FOREXSYMBOL>- * -</FOREXSYMBOL>
    <ISDEBIT>true</ISDEBIT>
   </AMOUNT>
   <BILLALLOCATIONS.LIST>
    <BILLTYPE>AgstRef</BILLTYPE>
    <NAME>1</NAME>
    <AMOUNT>
     <AMOUNT>250000</AMOUNT>
     <CURRENCY>₹</CURRENCY>
     <FOREXSYMBOL>- * -</FOREXSYMBOL>
     <ISDEBIT>true</ISDEBIT>
    </AMOUNT>
   </BILLALLOCATIONS.LIST>
  </LEDGERENTRIES.LIST>
  <ALLINVENTORYENTRIES.LIST>
   <INDEXNUMBER>1</INDEXNUMBER>
   <STOCKITEMNAME>Assembled PIV</STOCKITEMNAME>
   <ISSCRAP>false</ISSCRAP>
   <DISCOUNT>0</DISCOUNT>
   <ISDEEMEDPOSITIVE>false</ISDEEMEDPOSITIVE>
   <BASICUSERDESCRIPTION.LIST>
    <BASICUSERDESCRIPTION></BASICUSERDESCRIPTION>
   </BASICUSERDESCRIPTION.LIST>
   <RATE>
    <BASERATE>25000.00</BASERATE>
    <FOREXRATE>25000</FOREXRATE>
    <UNIT>Nos</UNIT>
   </RATE>
   <ACTUALQTY>
    <UNIT>Nos</UNIT>
    <QUANTITY>10</QUANTITY>
   </ACTUALQTY>
   <BILLEDQTY>
    <UNIT>Nos</UNIT>
    <QUANTITY>10</QUANTITY>
   </BILLEDQTY>
   <AMOUNT>
    <AMOUNT>250000</AMOUNT>
    <CURRENCY>₹</CURRENCY>
    <FOREXSYMBOL>- * -</FOREXSYMBOL>
    <ISDEBIT>false</ISDEBIT>
   </AMOUNT>
   <BATCHALLOCATIONS.LIST>
    <TRACKINGNUMBER>Not Applicable</TRACKINGNUMBER>
    <ORDERNO>Not Applicable</ORDERNO>
    <GODOWNNAME>Stores II</GODOWNNAME>
    <BATCHNAME>Primary Batch</BATCHNAME>
    <AMOUNT>
     <AMOUNT>250000</AMOUNT>
     <CURRENCY>₹</CURRENCY>
     <FOREXSYMBOL>- * -</FOREXSYMBOL>
     <ISDEBIT>false</ISDEBIT>
    </AMOUNT>
    <ACTUALQTY>
     <UNIT>Nos</UNIT>
     <QUANTITY>10</QUANTITY>
    </ACTUALQTY>
    <BILLEDQTY>
     <UNIT>Nos</UNIT>
     <QUANTITY>10</QUANTITY>
    </BILLEDQTY>
   </BATCHALLOCATIONS.LIST>
   <ACCOUNTINGALLOCATIONS.LIST>
    <INDEXNUMBER>1</INDEXNUMBER>
    <LEDGERNAME>Cash Sales</LEDGERNAME>
    <VCHLEDGERTYPE>Others</VCHLEDGERTYPE>
    <ISDEEMEDPOSITIVE>false</ISDEEMEDPOSITIVE>
    <AMOUNT>
     <AMOUNT>250000</AMOUNT>
     <CURRENCY>₹</CURRENCY>
     <FOREXSYMBOL>- * -</FOREXSYMBOL>
     <ISDEBIT>false</ISDEBIT>
    </AMOUNT>
   </ACCOUNTINGALLOCATIONS.LIST>
  </ALLINVENTORYENTRIES.LIST>
 </VOUCHER>
 <VOUCHER>
  <GUID>52889497-5b6b-403d-8f83-224e3c7759b4-000012d9</GUID>
  <REMOTEALTGUID>52889497-5b6b-403d-8f83-224e3c7759b4</REMOTEALTGUID>
  <MASTERID>4825</MASTERID>
  <ALTERID>7469</ALTERID>
  <ENTEREDBY>A</ENTEREDBY>
  <DATE>2016-05-31</DATE>
  <EFFECTIVEDATE>2016-05-31</EFFECTIVEDATE>
  <VOUCHERTYPENAME>Sales</VOUCHERTYPENAME>
  <PERSISTEDVIEW>InvoiceVoucherView</PERSISTEDVIEW>
  <VCHGSTCLASS>Not Applicable</VCHGSTCLASS>
  <ISCOSTCENTRE>false</ISCOSTCENTRE>
  <ISINVOICE>true</ISINVOICE>
  <VOUCHERNUMBER>29</VOUCHERNUMBER>
  <ISOPTIONAL>false</ISOPTIONAL>
  <PARTYNAME>ABC Ltd</PARTYNAME>
  <VOUCHERNUMBERSERIES>Default</VOUCHERNUMBERSERIES>
  <GSTREGISTRATION>Not Applicable</GSTREGISTRATION>
  <BASICBUYERNAME>ABC Ltd</BASICBUYERNAME>
  <ISCANCELLED>false</ISCANCELLED>
  <OVRDNEWAYBILLAPPLICABILITY>false</OVRDNEWAYBILLAPPLICABILITY>
  <LEDGERENTRIES.LIST>
   <INDEXNUMBER>1</INDEXNUMBER>
   <LEDGERNAME>ABC India Pvt. Ltd.</LEDGERNAME>
   <VCHLEDGERTYPE>Others</VCHLEDGERTYPE>
   <ISDEEMEDPOSITIVE>true</ISDEEMEDPOSITIVE>
   <ISPARTYLEDGER>true</ISPARTYLEDGER>
   <AMOUNT>
    <AMOUNT>250000</AMOUNT>
    <CURRENCY>₹</CURRENCY>
    <FOREXSYMBOL>- * -</FOREXSYMBOL>
    <ISDEBIT>true</ISDEBIT>
   </AMOUNT>
   <BILLALLOCATIONS.LIST>
    <BILLTYPE>AgstRef</BILLTYPE>
    <NAME>10</NAME>
    <AMOUNT>
     <AMOUNT>250000</AMOUNT>
     <CURRENCY>₹</CURRENCY>
     <FOREXSYMBOL>- * -</FOREXSYMBOL>
     <ISDEBIT>true</ISDEBIT>
    </AMOUNT>
   </BILLALLOCATIONS.LIST>
  </LEDGERENTRIES.LIST>
  <ALLINVENTORYENTRIES.LIST>
   <INDEXNUMBER>1</INDEXNUMBER>
   <STOCKITEMNAME>Assembled PIV</STOCKITEMNAME>
   <ISSCRAP>false</ISSCRAP>
   <DISCOUNT>0</DISCOUNT>
   <ISDEEMEDPOSITIVE>false</ISDEEMEDPOSITIVE>
   <BASICUSERDESCRIPTION.LIST>
    <BASICUSERDESCRIPTION></BASICUSERDESCRIPTION>
   </BASICUSERDESCRIPTION.LIST>
   <RATE>
    <BASERATE>25000.00</BASERATE>
    <FOREXRATE>25000</FOREXRATE>
    <UNIT>Nos</UNIT>
   </RATE>
   <ACTUALQTY>
    <UNIT>Nos</UNIT>
    <QUANTITY>10</QUANTITY>
   </ACTUALQTY>
   <BILLEDQTY>
    <UNIT>Nos</UNIT>
    <QUANTITY>10</QUANTITY>
   </BILLEDQTY>
   <AMOUNT>
    <AMOUNT>250000</AMOUNT>
    <CURRENCY>₹</CURRENCY>
    <FOREXSYMBOL>- * -</FOREXSYMBOL>
    <ISDEBIT>false</ISDEBIT>
   </AMOUNT>
   <BATCHALLOCATIONS.LIST>
    <TRACKINGNUMBER>Not Applicable</TRACKINGNUMBER>
    <ORDERNO>Not Applicable</ORDERNO>
    <GODOWNNAME>Stores II</GODOWNNAME>
    <BATCHNAME>Primary Batch</BATCHNAME>
    <AMOUNT>
     <AMOUNT>250000</AMOUNT>
     <CURRENCY>₹</CURRENCY>
     <FOREXSYMBOL>- * -</FOREXSYMBOL>
     <ISDEBIT>false</ISDEBIT>
    </AMOUNT>
    <ACTUALQTY>
     <UNIT>Nos</UNIT>
     <QUANTITY>10</QUANTITY>
    </ACTUALQTY>
    <BILLEDQTY>
     <UNIT>Nos</UNIT>
     <QUANTITY>10</QUANTITY>
    </BILLEDQTY>
   </BATCHALLOCATIONS.LIST>
   <ACCOUNTINGALLOCATIONS.LIST>
    <INDEXNUMBER>1</INDEXNUMBER>
    <LEDGERNAME>Advertisement Charges</LEDGERNAME>
    <VCHLEDGERTYPE>Others</VCHLEDGERTYPE>
    <ISDEEMEDPOSITIVE>false</ISDEEMEDPOSITIVE>
    <AMOUNT>
     <AMOUNT>250000</AMOUNT>
     <CURRENCY>₹</CURRENCY>
     <FOREXSYMBOL>- * -</FOREXSYMBOL>
     <ISDEBIT>false</ISDEBIT>
    </AMOUNT>
   </ACCOUNTINGALLOCATIONS.LIST>
  </ALLINVENTORYENTRIES.LIST>
 </VOUCHER>
 <VOUCHER>
  <GUID>52889497-5b6b-403d-8f83-224e3c7759b4-000012db</GUID>
  <REMOTEALTGUID>52889497-5b6b-403d-8f83-224e3c7759b4</REMOTEALTGUID>
  <MASTERID>4827</MASTERID>
  <ALTERID>7471</ALTERID>
  <ENTEREDBY>A</ENTEREDBY>
  <DATE>2016-05-31</DATE>
  <EFFECTIVEDATE>2016-05-31</EFFECTIVEDATE>
  <VOUCHERTYPENAME>Sales</VOUCHERTYPENAME>
  <PERSISTEDVIEW>InvoiceVoucherView</PERSISTEDVIEW>
  <VCHGSTCLASS>Not Applicable</VCHGSTCLASS>
  <ISCOSTCENTRE>false</ISCOSTCENTRE>
  <ISINVOICE>true</ISINVOICE>
  <VOUCHERNUMBER>30</VOUCHERNUMBER>
  <ISOPTIONAL>false</ISOPTIONAL>
  <PARTYNAME>ABC Ltd</PARTYNAME>
  <VOUCHERNUMBERSERIES>Default</VOUCHERNUMBERSERIES>
  <GSTREGISTRATION>Not Applicable</GSTREGISTRATION>
  <BASICBUYERNAME>ABC Ltd</BASICBUYERNAME>
  <ISCANCELLED>false</ISCANCELLED>
  <OVRDNEWAYBILLAPPLICABILITY>false</OVRDNEWAYBILLAPPLICABILITY>
  <LEDGERENTRIES.LIST>
   <INDEXNUMBER>1</INDEXNUMBER>
   <LEDGERNAME>ABC India Pvt. Ltd.</LEDGERNAME>
   <VCHLEDGERTYPE>Others</VCHLEDGERTYPE>
   <ISDEEMEDPOSITIVE>true</ISDEEMEDPOSITIVE>
   <ISPARTYLEDGER>true</ISPARTYLEDGER>
   <AMOUNT>
    <AMOUNT>675000</AMOUNT>
    <CURRENCY>₹</CURRENCY>
    <FOREXSYMBOL>- * -</FOREXSYMBOL>
    <ISDEBIT>true</ISDEBIT>
   </AMOUNT>
   <BILLALLOCATIONS.LIST>
    <BILLTYPE>AgstRef</BILLTYPE>
    <NAME>2</NAME>
    <AMOUNT>
     <AMOUNT>675000</AMOUNT>
     <CURRENCY>₹</CURRENCY>
     <FOREXSYMBOL>- * -</FOREXSYMBOL>
     <ISDEBIT>true</ISDEBIT>
    </AMOUNT>
   </BILLALLOCATIONS.LIST>
  </LEDGERENTRIES.LIST>
  <ALLINVENTORYENTRIES.LIST>
   <INDEXNUMBER>1</INDEXNUMBER>
   <STOCKITEMNAME>Assembled PIV</STOCKITEMNAME>
   <ISSCRAP>false</ISSCRAP>
   <DISCOUNT>0</DISCOUNT>
   <ISDEEMEDPOSITIVE>false</ISDEEMEDPOSITIVE>
   <BASICUSERDESCRIPTION.LIST>
    <BASICUSERDESCRIPTION></BASICUSERDESCRIPTION>
   </BASICUSERDESCRIPTION.LIST>
   <RATE>
    <BASERATE>25000.00</BASERATE>
    <FOREXRATE>25000</FOREXRATE>
    <UNIT>Nos</UNIT>
   </RATE>
   <ACTUALQTY>
    <UNIT>Nos</UNIT>
    <QUANTITY>27</QUANTITY>
   </ACTUALQTY>
   <BILLEDQTY>
    <UNIT>Nos</UNIT>
    <QUANTITY>27</QUANTITY>
   </BILLEDQTY>
   <AMOUNT>
    <AMOUNT>675000</AMOUNT>
    <CURRENCY>₹</CURRENCY>
    <FOREXSYMBOL>- * -</FOREXSYMBOL>
    <ISDEBIT>false</ISDEBIT>
   </AMOUNT>
   <BATCHALLOCATIONS.LIST>
    <TRACKINGNUMBER>Not Applicable</TRACKINGNUMBER>
    <ORDERNO>Not Applicable</ORDERNO>
    <GODOWNNAME>Stores II</GODOWNNAME>
    <BATCHNAME>Primary Batch</BATCHNAME>
    <AMOUNT>
     <AMOUNT>675000</AMOUNT>
     <CURRENCY>₹</CURRENCY>
     <FOREXSYMBOL>- * -</FOREXSYMBOL>
     <ISDEBIT>false</ISDEBIT>
    </AMOUNT>
    <ACTUALQTY>
     <UNIT>Nos</UNIT>
     <QUANTITY>27</QUANTITY>
    </ACTUALQTY>
    <BILLEDQTY>
     <UNIT>Nos</UNIT>
     <QUANTITY>27</QUANTITY>
    </BILLEDQTY>
   </BATCHALLOCATIONS.LIST>
   <ACCOUNTINGALLOCATIONS.LIST>
    <INDEXNUMBER>1</INDEXNUMBER>
    <LEDGERNAME>Advertisement Charges</LEDGERNAME>
    <VCHLEDGERTYPE>Others</VCHLEDGERTYPE>
    <ISDEEMEDPOSITIVE>false</ISDEEMEDPOSITIVE>
    <AMOUNT>
     <AMOUNT>675000</AMOUNT>
     <CURRENCY>₹</CURRENCY>
     <FOREXSYMBOL>- * -</FOREXSYMBOL>
     <ISDEBIT>false</ISDEBIT>
    </AMOUNT>
   </ACCOUNTINGALLOCATIONS.LIST>
  </ALLINVENTORYENTRIES.LIST>
 </VOUCHER>
 <VOUCHER>
  <GUID>52889497-5b6b-403d-8f83-224e3c7759b4-000012e2</GUID>
  <REMOTEALTGUID>52889497-5b6b-403d-8f83-224e3c7759b4</REMOTEALTGUID>
  <MASTERID>4834</MASTERID>
  <ALTERID>7478</ALTERID>
  <ENTEREDBY>A</ENTEREDBY>
  <DATE>2016-05-31</DATE>
  <EFFECTIVEDATE>2016-05-31</EFFECTIVEDATE>
  <VOUCHERTYPENAME>Sales</VOUCHERTYPENAME>
  <PERSISTEDVIEW>InvoiceVoucherView</PERSISTEDVIEW>
  <VCHGSTCLASS>Not Applicable</VCHGSTCLASS>
  <ISCOSTCENTRE>false</ISCOSTCENTRE>
  <ISINVOICE>true</ISINVOICE>
  <VOUCHERNUMBER>31</VOUCHERNUMBER>
  <ISOPTIONAL>false</ISOPTIONAL>
  <PARTYNAME>ABC Ltd</PARTYNAME>
  <VOUCHERNUMBERSERIES>Default</VOUCHERNUMBERSERIES>
  <GSTREGISTRATION>Not Applicable</GSTREGISTRATION>
  <BASICBUYERNAME>ABC Ltd</BASICBUYERNAME>
  <ISCANCELLED>false</ISCANCELLED>
  <OVRDNEWAYBILLAPPLICABILITY>false</OVRDNEWAYBILLAPPLICABILITY>
  <LEDGERENTRIES.LIST>
   <INDEXNUMBER>1</INDEXNUMBER>
   <LEDGERNAME>ABC India Pvt. Ltd.</LEDGERNAME>
   <VCHLEDGERTYPE>Others</VCHLEDGERTYPE>
   <ISDEEMEDPOSITIVE>true</ISDEEMEDPOSITIVE>
   <ISPARTYLEDGER>true</ISPARTYLEDGER>
   <AMOUNT>
    <AMOUNT>1250000</AMOUNT>
    <CURRENCY>₹</CURRENCY>
    <FOREXSYMBOL>- * -</FOREXSYMBOL>
    <ISDEBIT>true</ISDEBIT>
   </AMOUNT>
   <BILLALLOCATIONS.LIST>
    <BILLTYPE>AgstRef</BILLTYPE>
    <NAME>4</NAME>
    <AMOUNT>
     <AMOUNT>1250000</AMOUNT>
     <CURRENCY>₹</CURRENCY>
     <FOREXSYMBOL>- * -</FOREXSYMBOL>
     <ISDEBIT>true</ISDEBIT>
    </AMOUNT>
   </BILLALLOCATIONS.LIST>
  </LEDGERENTRIES.LIST>
  <ALLINVENTORYENTRIES.LIST>
   <INDEXNUMBER>1</INDEXNUMBER>
   <STOCKITEMNAME>Assembled PIV</STOCKITEMNAME>
   <ISSCRAP>false</ISSCRAP>
   <DISCOUNT>0</DISCOUNT>
   <ISDEEMEDPOSITIVE>false</ISDEEMEDPOSITIVE>
   <BASICUSERDESCRIPTION.LIST>
    <BASICUSERDESCRIPTION></BASICUSERDESCRIPTION>
   </BASICUSERDESCRIPTION.LIST>
   <RATE>
    <BASERATE>25000.00</BASERATE>
    <FOREXRATE>25000</FOREXRATE>
    <UNIT>Nos</UNIT>
   </RATE>
   <ACTUALQTY>
    <UNIT>Nos</UNIT>
    <QUANTITY>50</QUANTITY>
   </ACTUALQTY>
   <BILLEDQTY>
    <UNIT>Nos</UNIT>
    <QUANTITY>50</QUANTITY>
   </BILLEDQTY>
   <AMOUNT>
    <AMOUNT>1250000</AMOUNT>
    <CURRENCY>₹</CURRENCY>
    <FOREXSYMBOL>- * -</FOREXSYMBOL>
    <ISDEBIT>false</ISDEBIT>
   </AMOUNT>
   <BATCHALLOCATIONS.LIST>
    <TRACKINGNUMBER>Not Applicable</TRACKINGNUMBER>
    <ORDERNO>Not Applicable</ORDERNO>
    <GODOWNNAME>Stores II</GODOWNNAME>
    <BATCHNAME>Primary Batch</BATCHNAME>
    <AMOUNT>
     <AMOUNT>1250000</AMOUNT>
     <CURRENCY>₹</CURRENCY>
     <FOREXSYMBOL>- * -</FOREXSYMBOL>
     <ISDEBIT>false</ISDEBIT>
    </AMOUNT>
    <ACTUALQTY>
     <UNIT>Nos</UNIT>
     <QUANTITY>50</QUANTITY>
    </ACTUALQTY>
    <BILLEDQTY>
     <UNIT>Nos</UNIT>
     <QUANTITY>50</QUANTITY>
    </BILLEDQTY>
   </BATCHALLOCATIONS.LIST>
   <ACCOUNTINGALLOCATIONS.LIST>
    <INDEXNUMBER>1</INDEXNUMBER>
    <LEDGERNAME>Advertisement Charges</LEDGERNAME>
    <VCHLEDGERTYPE>Others</VCHLEDGERTYPE>
    <ISDEEMEDPOSITIVE>false</ISDEEMEDPOSITIVE>
    <AMOUNT>
     <AMOUNT>1250000</AMOUNT>
     <CURRENCY>₹</CURRENCY>
     <FOREXSYMBOL>- * -</FOREXSYMBOL>
     <ISDEBIT>false</ISDEBIT>
    </AMOUNT>
   </ACCOUNTINGALLOCATIONS.LIST>
  </ALLINVENTORYENTRIES.LIST>
 </VOUCHER>
</ENVELOPE>
